3284 5200
782 480 963 545 -tol-

291 616 467 679 senectutis
490 614 591 677 oratio
607 614 641 676 ¹:
663 615 767 678 acrior
790 622 841 677 est
858 622 892 677 et
908 614 1074 676 nervosior
1094 631 1190 693 quam
1209 614 1286 675 artis
1303 620 1335 676 et
1354 622 1468 693 poetae

290 714 393 792 ipsius
412 714 595 776 rudimenta
614 714 773 775 tulissent.
792 714 946 774 Fabulam
963 714 1049 774 enim
1063 729 1127 773 non
1142 712 1238 772 modo
1251 728 1326 772 cum
1341 713 1464 788 Persis,

291 829 373 890 quos
388 812 500 873 ordine
516 812 710 889 posteriores
727 811 1061 882 asseritWeclxlinius
1073 811 1130 871 sed
1145 810 1241 870 etiam
1253 827 1327 870 cum
1338 811 1466 871 Orestia

291 910 318 971 si
338 926 517 986 compares,
535 910 631 987 longe
651 915 859 987 praestantem
879 908 997 969 ceteris
1016 908 1144 968 fateare.
1161 908 1221 969 Ubi
1244 925 1282 968 ea
1302 908 1466 986 colloquia

291 1007 447 1081 invenias,
468 1008 554 1067 unde
573 1008 678 1083 aptius
699 1023 807 1067 mores
827 1007 1062 1083 describantur,
1082 1022 1180 1082 quam
1199 1023 1237 1066 ex
1257 1023 1286 1065 v.
1304 1006 1414 1084 36-81,
1430 1008 1466 1067 in

225 1154 230 1165 .
292 1104 410 1182 quibus
437 1106 548 1164 llobur
570 1121 717 1182 praeceps
740 1104 836 1165 insita
856 1104 1057 1164 immanitate
1082 1120 1140 1180 per
1162 1104 1363 1165 atrocitatem
1387 1105 1463 1177 ruit,

292 1202 487 1279 Hephaestus
508 1218 584 1263 vero
606 1202 727 1262 invitus
753 1203 867 1262 Titana
890 1204 962 1278 rupi
986 1202 1119 1279 adligat,
1142 1202 1290 1279 iniuriam
1314 1202 1467 1263 comitate

292 1299 527 1377 compescens?
546 1299 616 1360 Jam
640 1300 866 1360 altercantium
895 1307 1002 1360 autem
1028 1298 1301 1359 absolutissimam
1325 1298 1466 1377 effigiem

295 1398 321 1458 si
349 1398 430 1458 sorte
458 1397 591 1474 quaeris
624 1415 665 1458 en
691 1396 792 1458 habes
821 1397 1004 1458 Promethei
1027 1397 1243 1473 llercuriique
1268 1397 1466 1473 colloquium

293 1494 365 1574 (alt
390 1494 486 1575 sqq).
516 1496 682 1572 Nusquam
713 1501 800 1556 certe
826 1496 913 1571 apud
936 1500 1063 1555 veteres
1088 1496 1127 1554 iis
1154 1494 1269 1555 salium
1296 1493 1467 1554 ardoribus

292 1593 434 1654 diverbia
448 1594 573 1655 fervent
588 1600 620 1654 et
639 1592 894 1666 inflammantur,
913 1599 949 1654 ut
965 1592 1098 1653 verbum
1118 1591 1217 1653 verbo
1237 1599 1416 1668 responset,
1433 1600 1467 1652 et

292 1692 534 1753 contumeliosae
549 1691 752 1753 sententiolae
766 1691 1016 1767 calidissimique
1031 1690 1064 1749 in
1078 1691 1291 1751 insectantem
1302 1690 1467 1767 jactentur

291 1790 432 1867 igniculi.
451 1790 601 1850 Attamen
617 1790 668 1849 vel
685 1797 753 1850 arte
770 1788 941 1865 praeminet
961 1787 1146 1849 Promethei
1161 1788 1344 1866 Oceanique
1358 1788 1435 1848 cont
1451 1820 1466 1833 -

292 1887 412 1948 bulatio
436 1884 609 1966 (ael-396),
634 1887 668 1947 in
690 1904 755 1964 qua
777 1886 971 1964 peritissime
992 1886 1080 1947 seria.
1094 1885 1209 1963 lepidis
1230 1891 1465 1963 temperantur,

292 1990 324 2045 et
343 1984 387 2043 ita
405 1984 549 2045 involuto
573 1985 722 2045 acumine
746 1985 881 2060 argutiae
903 1985 1117 2054 instruuntur,
1132 1990 1169 2045 ut
1184 1983 1236 2043 vix
1254 1983 1337 2043 scias
1356 1989 1467 2050 utrum

292 2078 442 2142 amicitiae
456 2080 627 2142 ostentatio
642 2098 682 2141 an
696 2081 764 2142 reri
780 2080 957 2142 ludificatio
971 2080 1023 2141 sit.

334 2179 463 2240 Constat
477 2178 649 2256 igiturnon
663 2178 696 2238 in
711 2178 1046 2256 veterrimisAEschyli
1060 2178 1227 2255 tragoediis
1242 2180 1467 2255 reponendum
1545 2182 1548 2187 '

293 2294 364 2339 esse
385 2274 628 2349 Prometheum;
644 2293 731 2338 nunc
750 2266 859 2337 autem
879 2278 920 2337 de
939 2276 1001 2337 hoc
1015 2276 1196 2353 inquiretur
1211 2283 1318 2335 utrum
1336 2277 1467 2353 Septem

294 2375 379 2453 (ann.
392 2370 464 2451 toa)
475 2390 516 2433 an
531 2372 782 2452 Orestiam(ann.
800 2373 874 2452 458)
889 2375 970 2435 forte
981 2381 1178 2434 consecutus
1192 2373 1284 2447 sit,et
1297 2380 1469 2450 perextre-

294 2488 364 2532 mos
387 2478 491 2548 poetae
516 2489 619 2531 annos
643 2472 709 2532 lere
734 2473 939 2549 conscriptus
957 2472 1063 2538 luerit,
1085 2479 1120 2533 ut
1142 2489 1180 2531 ea
1200 2472 1296 2532 nobis
1318 2478 1469 2548 suppetat

292 2568 403 2648 regula
422 2586 486 2646 qua
505 2568 635 2631 chorice
657 2570 699 2631 sit
717 2570 943 2648 explorandus
960 2569 1103 2644 Quaestio
1122 2570 1228 2631 omnis
1241 2570 1313 2630 haee
1328 2576 1392 2646 est3
1409 2570 1467 2630 sed

291 2669 433 2746 tolletur,
448 2675 536 2746 puto,
557 2669 759 2747 disceptatio,
776 2671 854 2730 dum
870 2686 941 2730 rem
957 2668 1122 2729 metricam
1140 2668 1310 2746 diligenter
1327 2685 1467 2746 perpen-

294 2765 418 2827 damus.
433 2765 600 2844 Quocirca,
612 2773 649 2828 ut
667 2767 707 2828 ab
727 2767 853 2844 dialogo
873 2767 1034 2844 incipiam,
1043 2768 1111 2844 jam
1127 2767 1219 2827 multi
1231 2766 1467 2827 animadverte-

293 2869 368 2926 runt
379 2864 480 2925 critici
490 2866 585 2944 longe
599 2866 812 2942 copiosiorem
824 2865 858 2925 in
872 2872 982 2926 nostra
994 2865 1102 2925 tabula
1111 2882 1208 2942 quam
1223 2864 1327 2924 ubivis
1337 2881 1421 2937 esse,
1435 2871 1468 2925 et

293 2968 397 3024 tractu
417 2981 475 3024 suo
493 2964 668 3040 plurimum
683 2964 807 3024 melicis
818 2964 1006 3040 praecellere
1019 2961 1041 3022 ².
1061 2963 1124 3023 Sed
1137 2979 1197 3040 ego
1214 2963 1268 3023 diu
1283 2963 1464 3038 diligentis-

294 3060 439 3139 simeque
454 3063 600 3139 singulos
614 3061 771 3123 iambicos
783 3063 948 3122 trimetros
963 3061 996 3120 in
1009 3057 1118 3121 Persis
1132 3062 1208 3121 etin
1222 3059 1467 3132 EumenidibuS,

294 3158 326 3218 in
348 3159 520 3220 veterrimo
540 3159 663 3220 scilicet
683 3165 714 3220 et
733 3159 962 3220 innovissimo
981 3175 1091 3235 opere,
1111 3157 1271 3235 perspexi,
1294 3158 1469 3234 statimque

294 3272 369 3316 cum
399 3258 583 3317 Promethei
614 3257 767 3317 trimetris
792 3256 989 3334 comparavi,
1013 3261 1049 3316 ut
1074 3256 1331 3333 inde-quaenam
1356 3256 1469 3316 luisset

295 3354 372 3413 artis
398 3354 578 3432 AEsehyleae
605 3354 673 3414 sive
700 3353 889 3414 deformatio
913 3355 981 3414 sive
1004 3354 1186 3414 emendatio
1214 3359 1347 3430 pateret.
1373 3353 1468 3430 Atqui

279 3452 466 3529 ··AEschylus
491 3469 553 3511 nen
580 3453 675 3512 modo
698 3468 756 3529 per
779 3452 1043 3514 exercitationem
1063 3451 1149 3512 vires
1172 3451 1270 3525 auxit,
1299 3458 1332 3511 et
1355 3467 1467 3512 secum

296 3551 364 3628 ipse
380 3550 513 3609 certavit
527 3556 563 3610 ut
578 3567 708 3627 semper
722 3551 849 3628 gravior
863 3557 951 3612 esset
964 3551 998 3610 in
1011 3549 1172 3627 fingendis
1185 3551 1394 3626 argumentis,
1408 3551 1467 3610 sed

296 3647 431 3708 trimetri
452 3647 548 3708 etiam
569 3654 764 3709 structuram
783 3649 1014 3726 excoluitque
1031 3648 1200 3710 meliorem
1216 3647 1348 3730 laceret,
1365 3647 1468 3724 aptio·

296 3746 404 3824 risque
423 3746 566 3824 rhythmi
587 3746 762 3823 elegantias
782 3752 967 3822 aucuparet.
985 3739 1103 3807 Exacta
1117 3762 1327 3807 numerorum
1342 3744 1467 3806 ratione

213 3885 216 3891 ·
297 3853 433 3920 servata,
452 3844 644 3906 Eumenides
664 3861 722 3921 pro
740 3850 807 3905 rata
828 3851 918 3921 parte
935 3843 1128 3906 excultiores
1147 3849 1222 3905 sunt
1236 3859 1334 3921 quam
1346 3844 1466 3915 Persae,

329 4093 351 4140 l.
367 4091 405 4141 Gi.
419 4092 583 4152 annuxnur,
596 4091 714 4141 Grandia
727 4090 775 4140 der
790 4090 894 4140 Grierli.
905 4091 979 4152 titt,
994 4090 1039 4151 lll‚
1052 4104 1078 4152 p.
1094 4092 1195 4149 2713—
1205 4089 1235 4139 Ο.
1249 4089 1365 4150 nolam,
1376 4087 1468 4139 Geacb.

298 4161 345 4210 der
362 4161 464 4211 Griecb.
482 4162 554 4225 titt,
573 4161 593 4224 I,
611 4176 637 4224 p.
655 4165 709 4212 tlt.

329 4234 352 4280 2.
368 4232 428 4283 Vid.
445 4234 609 4296 Brannlmnr,
627 4232 644 4282 l.
662 4249 694 4294 a,
717 4246 742 4295 p.
759 4236 813 4284 268.
835 4261 864 4269 -
883 4232 1050 4283 Wecklinius
1066 4232 1146 4282 etiam
1162 4231 1257 4295 (AEsclr.
1272 4231 1369 4290 Prona,
1385 4228 1470 4292 nint,

299 4318 324 4365 p.
340 4306 380 4366 23)
397 4305 554 4366 supputavit
576 4305 733 4364 malleorum
749 4308 777 4356 et
791 4304 976 4354 trimetrorum
994 4304 1170 4352 iambicorum
1186 4303 1272 4366 spatia
1286 4302 1356 4351 inter
1370 4315 1399 4351 se
1413 4303 1468 4351 eol·

299 4374 350 4422 lato
370 4375 492 4424 eamdem
509 4375 641 4425 rationem
661 4376 759 4426 habero
778 4390 859 4438 qnam
878 4389 959 4423 unum
975 4375 1009 4424 ad
1029 4373 1083 4423 duo
1098 4374 1124 4422 in
1143 4373 1240 4435 Persis,
1255 4372 1427 4435 Supplicibns
1441 4375 1471 4421 et

298 4443 415 4506 Septem,
431 4459 515 4494 uuum
532 4445 567 4496 ad
582 4447 636 4496 duo
652 4447 678 4495 in
697 4447 810 4506 Orestia,
826 4459 910 4496 unum
929 4458 992 4495 vero
1008 4445 1041 4495 ad
1056 4448 1159 4506 septem
1175 4445 1203 4494 iu
1221 4443 1390 4494 Prometheo.
