3284 5200
659 1463 812 1558 claua
840 1482 891 1556 nr

556 1831 682 1882 SEPTEM
711 1831 842 1883 CONTRA
867 1830 993 1880 rudens

229 2131 345 2194 Fusius
373 2130 413 2192 de
440 2130 503 2192 hoc
529 2145 679 2208 quaerere
704 2129 916 2207 praetermitto
940 2127 1169 2207 quindecimus
1190 2129 1361 2193 choreutas

189 2229 360 2308 AEschylus
371 2229 404 2288 in
415 2227 544 2306 Septem
559 2227 752 2302 adhibuerit,
762 2225 1102 2306 J'udice'Hermann01,
1119 2245 1162 2289 an
1175 2226 1359 2307 duodecim,

190 2334 226 2390 ut
239 2334 352 2389 auctor
367 2333 417 2388 est
431 2325 591 2388 Mutfius.¹.
609 2327 681 2388 Non
695 2325 756 2386 nisi
770 2325 929 2392 duodenis
939 2326 1127 2402 AEschylum
1139 2342 1235 2387 usum
1249 2326 1359 2400 tuisse,

190 2426 305 2488 saltem
323 2425 357 2485 in
371 2421 596 2502 superstitibus
612 2423 739 2500 fabuliS,
756 2441 814 2502 pro
834 2429 1001 2502 comperto
1020 2423 1139 2500 habeo;
1157 2423 1358 2502 totidemque

189 2541 306 2587 canere
333 2523 367 2584 in
394 2523 455 2584 hac
482 2523 638 2602 tragoedia
666 2523 751 2584 haud
779 2522 882 2584 semel
909 2523 950 2583 ad
972 2521 1131 2601 liquidum
1154 2522 1359 2601 perducetur.

189 2624 303 2702 Itaque
327 2638 385 2700 per
408 2621 653 2700 impeditissima
675 2622 783 2683 statim
804 2622 963 2694 incedam,
989 2620 1228 2699 disputatioque
1250 2637 1360 2683 meaa

190 2721 309 2799 parodo
336 2720 457 2783 orietur
477 2737 573 2798 quam
601 2720 776 2781 muliebres
801 2720 963 2781 Thebanae
991 2725 1121 2793 canunt,
1149 2719 1304 2798 quamdiu
1326 2719 1361 2781 in

190 2819 389 2882 orchestram
401 2824 524 2880 temere
537 2819 664 2880 irruunt
675 2818 697 2879 ³.
715 2818 852 2881 Carmen
865 2818 953 2879 istud
968 2817 1154 2895 singillatim
1168 2816 1267 2879 fuisse
1281 2818 1358 2879 can·

189 2923 292 2979 tatum
306 2934 372 2979 non
384 2916 512 2978 difficile
523 2916 681 2993 judicium
695 2917 832 2979 videtur.
849 2918 1069 2994 Praeterquam
1084 2915 1170 2977 enim
1186 2916 1359 2977 choreutas

189 3042 208 3086 a
222 3025 394 3087 scholiasta
406 3024 542 3085 traditur
556 3010 727 3105 σποράδην,
747 3023 901 3085 discussis
915 3021 1092 3107 ordinibus,
1106 3021 1274 3101 irrupisse,
1288 3022 1357 3084 sin-

190 3123 309 3201 gularis
322 3129 435 3184 cantus
446 3122 563 3182 indicia
574 3138 614 3184 ex
625 3123 694 3200 ipsa
706 3122 826 3193 chorici
839 3122 964 3206 ratione
973 3122 1154 3194 trahuntur,
1165 3120 1317 3197 quoniam
1326 3126 1359 3181 et

191 3237 230 3283 ex
245 3220 405 3283 dochmiis
419 3219 549 3281 omnino
564 3220 628 3281 iere
646 3219 824 3294 coniicitur,
839 3237 921 3300 quos
937 3219 1125 3296 ceteroquin
1138 3218 1171 3278 in
1186 3218 1359 3289 multarum

191 3318 436 3380 consonantium
457 3333 573 3378 vocum
592 3317 780 3379 societatem
803 3318 936 3379 minime
959 3316 1133 3379 convenire
1153 3316 1265 3377 solitos
1288 3330 1360 3377 esse

189 3417 256 3495 jam
270 3416 413 3494 undique
433 3415 622 3477 conceditur
639 3413 666 3491 ⁸3
692 3420 724 3476 et
744 3416 939 3494 interrogata
957 3431 1175 3493 responsaque
1198 3412 1360 3489 complec-

190 3513 271 3576 titur
292 3513 428 3575 strictim
450 3513 535 3574 inter
558 3530 593 3575 se
616 3514 828 3587 occursantia,
850 3520 885 3574 ut
905 3513 1021 3591 pavide
1040 3512 1229 3591 eJulantium
1253 3510 1360 3588 potius

191 3629 288 3691 quam
311 3610 578 3688 colloquentium;
602 3618 634 3671 et
654 3611 829 3672 verborum
850 3610 1081 3687 commissuris,
1102 3608 1278 3687 composito
1302 3608 1360 3671 de·

191 3727 299 3783 cursu,
318 3708 541 3771 convenientia
562 3709 773 3787 absoluteque
789 3709 1000 3787 responsione
1018 3714 1117 3784 caret,
1138 3724 1212 3784 quae
1231 3704 1360 3767 chorica

191 3808 308 3879 decent
317 3807 485 3870 subtiliore
492 3806 626 3869 artificio
636 3807 777 3868 laborata
787 3812 819 3867 et
828 3807 869 3867 ad
876 3808 1050 3885 quadratos
1058 3805 1241 3867 saltantium
1251 3804 1361 3865 ambu-

221 4002 245 4050 l.
259 3998 344 4049 AEtclt.
360 4000 528 4063 Trop.‚1859‚
544 3998 578 4059 ΙΙ,
592 4012 620 4062 p.
635 3996 753 4060 273-274,
766 3996 831 4047 adn.
847 3996 883 4047 ad
897 4010 924 4046 r.
941 3998 984 4046 78.

221 4071 244 4119 2.
260 4069 314 4119 Der
329 4069 396 4119 Ghor
407 4072 436 4120 in
448 4070 498 4121 dan
507 4069 599 4121 Staberi
613 4070 659 4118 das
672 4067 820 4131 Aischplcs,
836 4068 956 4128 Sttettin,
969 4068 1039 4127 1882,
1052 4080 1079 4129 p.
1095 4066 1144 4115 8-2.

222 4141 245 4191 8.
261 4140 328 4191 Male
346 4142 455 4205 conjicit
471 4142 579 4192 Mutilus
593 4140 622 4203 (l.
638 4155 671 4201 c.,
687 4155 713 4203 p.
730 4140 768 4205 ll)
783 4140 896 4189 chorum
918 4139 947 4188 in
961 4151 1069 4189 scenam
1092 4137 1244 4198 ingressum
1265 4132 1360 4183 luisse.

191 4210 302 4273 Quoties
316 4212 388 4262 enim
404 4214 530 4263 mulieres
542 4211 577 4263 ad
593 4225 685 4274 preces
697 4215 842 4261 vertuntur
852 4213 900 4260 aut
912 4215 941 4259 at
950 4210 1066 4259 Deorum
1077 4206 1222 4258 simulacra
1235 4217 1361 4269 procum·

192 4280 269 4345 bunt,
286 4284 364 4345 signa
380 4284 571 4345 intellegantur
585 4286 692 4345 oportet
705 4282 733 4331 in
748 4282 914 4345 hyposcenio
928 4279 1067 4330 collocata.

221 4354 246 4403 l.
261 4354 323 4405 Vid.
335 4355 465 4417 Hermann,
481 4356 589 4419 Praestat.
602 4355 637 4403 od
651 4352 744 4417 Eurip.
755 4354 831 4402 Hero.
842 4352 915 4413 Fur,
925 4366 952 4416 p.
962 4365 1011 4411 xv3
1027 4378 1058 4388 -
1070 4349 1187 4411 Smuarn,
1197 4349 1234 4397 Da
1246 4344 1363 4399 amathus

192 4424 359 4489 dochmiaois,
374 4440 401 4491 p.
417 4428 461 4488 103
477 4454 507 4463 -
517 4428 628 4489 Borean,
640 4426 729 4489 rand,
746 4426 766 4487 1,
782 4439 809 4488 p.
828 4427 882 4475 322.
