3284 5200
684 437 843 499 -79-

174 572 500 655 documentovacua,
520 573 669 659 spectare
687 587 795 660 queat,
818 581 893 644 vide
915 598 957 644 ne
976 583 1107 660 stropha
1135 571 1162 650 ζ’
1188 581 1347 647 Electram

173 678 338 741 dedeceat.
356 678 418 741 Ubi
437 677 587 743 munibus
601 678 797 741 inclamatur

414 818 417 823 ι
574 856 656 916 ἴδεσθ’
678 853 763 938 Ἀτρει
775 888 791 903 -

472 955 519 1013 δᾶν
533 951 566 1013 τὰ
582 952 655 1014 λοίπ’
676 950 833 1035 ἀμηχάνως

472 1049 574 1132 ἔχοντα
585 1050 631 1111 καὶ
647 1051 785 1130 δωμάτων

476 1146 560 1227 ἄτιμα
664 1146 800 1229 (407*9),

174 1349 337 1411 quaenam,
352 1349 478 1410 precor,
490 1334 665 1396 aruntistae
675 1334 942 1414 Agamemnoniae
953 1334 1063 1413 stirpis
1073 1335 1220 1414 reliquiae
1236 1339 1348 1415 procul

174 1447 193 1491 a
216 1430 305 1510 regia
323 1431 479 1510 depulsae,
498 1431 560 1493 nisi
583 1432 794 1494 subaudietur
816 1433 1007 1494 adolescens
1027 1432 1229 1496 fortunarum
1253 1436 1348 1498 heres

173 1528 291 1607 vixque
305 1529 347 1591 ab
356 1528 451 1591 exilio
466 1529 587 1591 redux‘l
597 1530 805 1609 Antistropha
816 1530 914 1593 etiam
926 1532 1203 1611 quemadmodum
1213 1532 1347 1595 Electrae

174 1626 327 1705 eripiatur
339 1643 472 1705 prorsus
487 1644 541 1689 me
558 1628 791 1713 lugitNonne,
810 1646 885 1690 cum
900 1628 1026 1690 canitur

330 1804 357 1864 τί
371 1802 429 1864 δ’ἄν
443 1804 541 1891 φάντες
553 1804 686 1885 τύχοιμὲν
702 1806 798 1888 οἵαπερ
1103 1880 1107 1884 ἢ

326 1900 451 1983 τάθομεν
465 1902 538 1985 ἄχεα
552 1902 618 1986 πρός
633 1928 667 1985 γε
683 1908 737 1964 τῶν
752 1905 913 1984 τεκομένων
928 1902 1082 1985 (418-19),

172 2104 319 2177 acceptas
329 2100 417 2162 dorni
430 2099 573 2179 injurias,
587 2105 619 2161 et
633 2100 814 2162 occisorum
826 2098 890 2161 iras
902 2098 936 2159 in
947 2099 1048 2160 filiam
1061 2099 1159 2178 patris
1169 2117 1348 2164 memorem

172 2198 312 2275 apuella
329 2198 417 2277 tangi
439 2196 599 2259 occurrit?
613 2198 727 2259 Nonne
746 2198 780 2257 in
799 2213 871 2258 rem
890 2203 951 2275 est,
968 2214 1042 2258 cum
1062 2197 1192 2259 fratrem
1207 2199 1248 2261 de
1264 2200 1349 2262 exilii

174 2296 283 2369 malis,
307 2301 378 2357 turn
401 2311 550 2358 sororem
573 2296 614 2357 de
638 2295 702 2357 vita
730 2294 912 2356 miserrime
935 2294 970 2355 in
993 2300 1160 2358 cruentato
1184 2297 1348 2359 domicilio
1407 2279 1415 2293 ’

174 2399 318 2455 anteacta
336 2392 449 2471 queri‘l
467 2394 582 2456 Utrum
606 2399 765 2471 praeterea
783 2393 825 2454 de
844 2393 1093 2471 clytemnestrae
1116 2394 1263 2456 moribus
1281 2402 1348 2457 tan-

173 2508 272 2569 quam
290 2508 408 2568 pavore
426 2491 558 2569 quidem
578 2491 618 2551 ad
637 2490 809 2553 libationes
830 2490 993 2568 impulsae,
1009 2489 1065 2553 sed
1086 2509 1242 2571 perquam
1261 2494 1349 2555 insa·

173 2589 287 2652 nabilis
302 2588 453 2670 (tto-22),
471 2590 643 2652 certiorem
658 2588 728 2651 lieri
741 2588 867 2651 credis‘l
883 2590 1072 2653 Fratremne
1084 2590 1140 2668 qui
1154 2608 1173 2653 a
1186 2598 1296 2654 tenero
1308 2593 1348 2655 ab

172 2687 266 2766 Argis
287 2687 450 2762 exciderit,
473 2705 514 2748 an
537 2687 697 2765 virginem
721 2687 791 2750 foco
814 2687 1139 2765 interlectoribusque
1154 2689 1348 2767 jamdudum

172 2794 394 2871 adsidentem?
408 2795 531 2857 Rerum
547 2794 646 2873 igitur
660 2794 763 2856 series
776 2794 1020 2873 verborumque
1034 2801 1148 2856 natura
1161 2797 1311 2873 strophas
1323 2783 1349 2851 δ’

172 2906 205 2963 et
222 2889 248 2969 ζ’
266 2902 388 2964 Orestae
408 2902 625 2965 restituendas
643 2919 716 2964 esse
730 2901 874 2973 vincunt,
893 2901 1030 2964 Electrae
1050 2903 1277 2981 antistrophas.

211 3000 283 3062 Huc
301 3000 398 3062 eliam
420 3000 543 3063 accedit
560 3002 648 3078 quod
667 3000 743 3061 inde
763 2999 803 3060 ab
823 2997 915 3060 initio
933 3000 1094 3077 usquead
1113 3016 1142 3061 v.
1164 3001 1236 3074 423,
1257 3003 1352 3078 plane

170 3096 249 3158 nihil
264 3098 427 3160 variantur
441 3098 597 3177 rhythmi,
610 3105 643 3160 et
657 3097 765 3158 omnia
779 3097 917 3158 fratrum
932 3097 1162 3176 antistrophica
1178 3115 1216 3159 ex
1230 3099 1350 3176 logaoe-

170 3195 251 3257 dicis
264 3197 495 3275 glyconeisque
509 3194 660 3257 numeris
672 3195 841 3272 praecipue
855 3192 1047 3257 conflantur.
1060 3196 1166 3268 Quare
1179 3213 1265 3270 cum,
1280 3204 1353 3275 post

61 3281 65 3289 “
173 3293 299 3357 medios
325 3294 445 3357 commi
474 3299 656 3371 anapaestos
687 3292 841 3372 (ata-79),
861 3309 969 3372 neque
992 3300 1171 3356 metrorum
1199 3312 1349 3373 persona·

173 3385 312 3470 rumque
333 3393 471 3454 versatio
495 3409 603 3471 neque
622 3391 721 3453 etiarn
740 3407 851 3454 rerum
871 3391 1073 3453 scenicarum
1092 3409 1176 3454 nova
1192 3392 1350 3454 intricatio

174 3490 345 3567 conjectari
364 3490 478 3568 possit,
492 3507 566 3568 quae
584 3496 732 3552 actorum
751 3489 943 3566 compositio
965 3489 1068 3566 primo
1087 3497 1194 3569 coepta
1209 3491 1262 3567 sit,
1278 3508 1349 3554 eam

176 3604 278 3666 usque
288 3595 431 3665 perstare
442 3594 554 3666 aptum
564 3593 623 3660 est,
635 3587 679 3648 ita
692 3593 728 3648 ut
738 3587 882 3664 strophae
895 3603 1010 3649 ornnes
1018 3587 1053 3647 in
1063 3588 1168 3649 virum
1177 3588 1349 3663 vindicem,

173 3686 385 3764 antistrophae
399 3686 432 3747 in
448 3685 603 3748 seminam
618 3685 750 3747 ultionis
764 3684 1013 3746 stimulatricem
1031 3684 1236 3748 conferantur
1247 3685 1269 3744 ¹.

212 3784 284 3844 lam
298 3785 386 3862 quod
402 3784 592 3845 adulteram
609 3782 730 3845 commi
745 3788 872 3859 partem
893 3779 1036 3861 (tta-55)
1054 3788 1190 3861 spectat,
1206 3783 1352 3861 longiore

174 3881 352 3957 quaestione
376 3898 440 3943 non
460 3887 544 3960 eget,
569 3881 697 3960 quando
720 3879 887 3942 novissimi
912 3880 1105 3958 interpretes
1128 3881 1300 3960 stropham,
1318 3886 1351 3942 et

174 3987 407 4066 antistropham
418 3977 444 4056 ζ’
455 3987 554 4050 choro
569 3994 601 4049 et
613 3989 751 4049 Electrae
765 3987 895 4048 inverso
909 3987 1023 4048 ordine
1033 4004 1106 4049 sese
1116 3986 1350 4065 excipientibus

174 4083 355 4147 dimidiatas
374 4086 567 4158 concedunt,
588 4085 795 4162 interjectum
818 4090 928 4146 autem
949 4085 1039 4146 hisce
1061 4082 1256 4146 antitheticis
1276 4101 1348 4163 spa·

206 4325 227 4372 l.
243 4323 309 4374 Vide
321 4337 380 4388 quaa
395 4324 560 4375 Wecklinius
573 4324 606 4374 de
621 4324 881 4386 antistrophicorutn
896 4324 1005 4375 chorico
1019 4324 1115 4376 ordine
1129 4325 1344 4376 luculentissime

177 4391 307 4444 disseruit
323 4394 352 4444 in
369 4394 454 4446 Eleclt.
469 4394 596 4458 Jahrb...,
612 4396 684 4450 1861.
