3284 5200
784 440 966 513 -100-

291 587 351 647 dea
378 602 442 664 quo
473 585 610 664 quisque
637 585 708 646 loco
734 584 929 646 Eumenidas
957 584 1107 663 prosequi
1138 583 1255 645 debeat
1282 585 1464 646 constituit.

291 686 441 746 Praeeunt
463 674 643 765 προπομποὶ
664 683 813 743 ardentes
837 683 924 743 faces
945 682 1154 759 praelerentes
1166 682 1188 759 ¹,
1207 682 1355 759 pauculae
1376 683 1465 745 vide·

290 782 364 843 licet
380 782 564 844 sacerdotes
583 798 657 859 quae
676 782 746 842 deae
764 798 837 841 aras
854 788 983 841 servant
997 779 1025 855 ¹3
1047 780 1257 858 subsequitur
1274 781 1415 843 Minerva
1433 780 1463 857 3;

290 879 408 941 deinde
431 880 666 957 conglobantur
685 878 878 955 areopagitae
897 878 920 937 ⁴.
944 879 1016 939 Mox
1042 878 1098 939 ubi
1124 894 1248 950 omnes,
1271 885 1306 939 ut
1329 895 1464 940 scenam

290 977 482 1049 obtinentes,
505 977 538 1037 in
560 977 666 1053 priore
685 975 806 1036 ordinis
822 982 914 1054 parte
933 976 1082 1037 instructi
1098 981 1185 1052 sunt,
1202 976 1320 1047 Furiae,
1337 984 1464 1038 cantata

289 1076 402 1136 ultima
423 1076 575 1137 carminis
595 1074 804 1152 antistropha,
831 1074 871 1134 ab
889 1075 1056 1136 orchestra
1077 1075 1259 1148 discedunt,
1281 1091 1340 1153 per
1358 1076 1464 1136 scalas

287 1173 323 1235 in
347 1191 478 1235 scenam
506 1173 696 1249 escendunt,
716 1179 748 1232 et
776 1172 819 1232 ita
843 1165 921 1226 κατὰ
947 1161 1028 1253 ζυγὰ
1047 1172 1247 1248 ordinantur,
1262 1178 1297 1233 ut
1321 1173 1463 1250 primum

288 1288 403 1349 zygum
432 1288 471 1331 ex
494 1271 594 1331 ternis
617 1270 707 1331 chori
732 1270 942 1347 principibus,
965 1271 1070 1331 tribus
1097 1271 1220 1331 scilicet
1240 1271 1357 1346 Furiis,
1383 1287 1460 1331 cou-

287 1373 455 1444 gregetur3
483 1373 647 1445 postremo
676 1366 918 1444 subjunguntur
943 1368 1002 1428 viri
1034 1374 1067 1429 et
1090 1365 1256 1429 feminael.
1284 1367 1460 1443 Postquam

288 1471 395 1526 autern
418 1466 559 1526 universi
581 1465 805 1542 constiterunt,
824 1466 966 1526 Minerva
984 1454 1187 1547 προπομποὺς
1199 1465 1293 1542 jubet
1313 1467 1462 1526 ambula-

286 1562 388 1623 tivum
415 1579 544 1625 carmen
568 1563 761 1640 praecinere3
785 1579 877 1641 quae,
906 1568 1016 1639 utpote
1039 1564 1098 1624 toti
1125 1562 1245 1640 agmini
1268 1563 1462 1641 praemissae,

287 1666 446 1722 extremas
461 1660 619 1740 syzygiae,
633 1660 673 1722 ad
688 1660 884 1721 Eumenidas
899 1676 1074 1734 conversae,
1088 1659 1310 1733 exordiuntur,
1323 1678 1465 1739 quarum

288 1759 376 1835 prius
396 1760 605 1838 ephymnium
621 1777 639 1820 a
653 1760 742 1832 viris,
756 1760 894 1821 alterum
913 1766 1053 1821 autema
1072 1759 1211 1829 feminis,
1230 1760 1313 1821 sicut
1328 1777 1367 1821 ex
1381 1777 1465 1821 voce

287 1851 455 1933 ὀλολύξατε
473 1857 636 1935 apparet⁸,
647 1859 772 1919 concini
784 1859 922 1919 videtur.
935 1858 984 1918 Ad
997 1857 1161 1935 duplicem
1175 1865 1283 1918 autem
1298 1859 1464 1919 cultorum

285 1955 413 2014 turbam
434 1956 608 2033 ephymuia
627 1957 788 2033 pertinere
817 1957 893 2016 hinc
916 1957 1098 2017 declaratur
1121 1957 1208 2035 quod
1227 1956 1462 2017 Eumenidibus

284 2052 427 2113 Minerva
447 2061 519 2114 vota
539 2061 571 2114 et
589 2053 714 2114 cultum
733 2053 806 2143 παρ’
820 2049 942 2143 ἀνδρῶν
961 2053 1014 2117 καὶ
1029 2054 1217 2145 γυναικείων
1232 2050 1352 2118 στόλων
1368 2053 1456 2133 (856)

283 2151 424 2227 pollicita
447 2157 506 2229 est,
530 2159 562 2213 et
584 2153 750 2213 theatralis
776 2169 893 2230 pompa
921 2154 962 2215 ad
984 2153 1139 2215 solemnis
1164 2154 1302 2230 publicae
1324 2169 1453 2230 pompae

282 2248 422 2326 effigiem
436 2250 667 2312 conformanda
681 2257 740 2312 est.

311 2534 334 2582 2.
350 2534 380 2582 V.
396 2535 492 2583 torta.
505 2562 537 2571 -
551 2536 589 2584 De
603 2534 645 2584 his
659 2534 720 2584 vido
737 2535 818 2598 Waru,
836 2536 924 2600 ilum,
941 2537 1011 2598 tuot,
1032 2551 1058 2601 p.
1075 2539 1128 2601 ua,
1145 2536 1208 2586 adn.

312 2608 334 2654 3.
350 2606 380 2654 V.
399 2608 498 2655 toto-t.

311 2679 334 2724 l.
350 2677 380 2725 V.
399 2679 515 2726 toto-10.

259 2753 262 2759 '
312 2749 334 2796 5.
351 2747 381 2795 V.
399 2749 513 2797 roro-ar.
1388 2810 1397 2821 .

312 2821 334 2866 6.
351 2819 443 2878 Pauor,
461 2819 510 2868 Tire
526 2823 595 2884 trop.
613 2821 646 2882 os
658 2821 756 2882 AEaclt.,
771 2835 798 2886 p.
813 2823 926 2885 662663,
938 2823 1001 2873 adn.
1018 2851 1050 2860 -
1063 2824 1230 2874 Wecklinius
1249 2828 1345 2873 contra
1363 2819 1458 2884 (Aaou.

280 2888 334 2948 Or,
351 2903 377 2951 p.
389 2891 442 2949 322,
455 2891 529 2954 adn.)
544 2891 717 2942 intercalares
727 2907 821 2943 versus
834 2897 912 2957 putat
926 2895 1010 2944 verbo
1026 2895 1060 2944 ab
1077 2895 1205 2945 omnibus
1222 2892 1459 2958 prosecutoribus,

278 2972 307 3010 rc
321 2963 411 3010 autom
432 2961 599 3012 achoreutis
616 2963 681 3012 solis
700 2963 803 3024 iterari3
824 2965 851 3012 in
872 2979 926 3027 quo
939 2966 1078 3016 subtimeo
1093 2980 1127 3015 ne
1141 2966 1183 3014 vir
1197 2978 1321 3016 summus
1338 2963 1459 3012 scenicas

280 3036 370 3092 partes
387 3032 489 3083 diutius
508 3034 595 3083 Furiis
611 3039 658 3083 aut
676 3033 771 3084 Furias
790 3035 933 3098 agentibus
949 3037 1092 3086 eboreutis
1110 3037 1255 3101 impertiat,
1278 3046 1459 3098 pompamque

280 3105 307 3150 et
321 3116 420 3153 vocum
436 3109 596 3156 concentum
612 3104 761 3156 deminuat.
