3284 5200
684 432 845 496 ..21-

180 566 367 650 quindecim
385 566 524 645 conjicit,
541 565 617 645 quia
636 584 653 627 c
673 566 780 628 omnia
796 567 896 646 hujus
915 567 1036 630 fabulae
1050 570 1199 634 carmina
1218 580 1353 651 excepto

179 665 293 729 ultimo
316 663 391 727 talia
412 681 484 730 esse
508 665 730 744 cognovimus,
747 683 822 744 quae
842 673 898 728 aut
922 667 1039 745 quinas
1057 673 1114 729 aut
1132 674 1242 731 ternas
1257 677 1356 733 ,stro·.

180 764 263 843 phas
282 763 536 841 complectantur
555 780 571 822 n
591 761 611 822 ¹.
628 763 811 825 Boeokhius
834 769 908 826 octo
932 763 1039 836 heras,
1059 770 1186 843 septem
1209 771 1352 829 tautum-

179 862 276 923 modo
299 861 436 923 famulas
458 859 645 938 numerat’;
671 867 836 939 postremo
859 862 980 924 Bodius
1005 862 1238 942 quinquaginta
1262 865 1355 944 fingit

180 958 368 1021 Danaidas³.
388 959 453 1023 Sed
472 975 531 1038 ego
551 976 615 1038 qua
630 960 754 1021 ratione
774 975 864 1030 nune
881 977 921 1022 ex
940 961 1199 1040 quattuordecim
1213 979 1300 1024 nunc
1314 979 1354 1033 ex
1406 992 1408 996 ⁴

181 1057 353 1120 duodecim
367 1057 585 1119 cantatoribus
598 1057 717 1120 chorus
733 1063 870 1135 constet,
880 1065 936 1120 aut
950 1075 1026 1121 cum
1040 1065 1113 1120 octo
1128 1059 1215 1120 heris
1229 1066 1355 1138 septem

180 1161 306 1217 tantum
328 1154 458 1216 famulae
480 1155 629 1233 componi
650 1162 781 1235 queant,
807 1157 939 1219 omniuo
962 1174 1028 1217 non
1051 1163 1164 1220 tenere
1186 1158 1353 1242 confiteor.

181 1253 418 1332 Quinquaginta
432 1259 541 1316 autem
554 1253 695 1332 virgines
706 1254 835 1329 instrui,
849 1255 1115 1334 orchestramque
1129 1256 1223 1318 turba
1238 1274 1355 1319 canen·

179 1351 261 1432 tium
279 1351 531 1431 saltantiumque
551 1351 677 1414 misceri
689 1369 709 1412 a
723 1353 912 1415 Graecorum
927 1354 1163 1417 consuetudine
1178 1359 1211 1435 et
1223 1355 1271 1416 rei
1284 1371 1355 1418 sce·

179 1451 262 1513 nicae
286 1455 402 1512 natura
422 1450 552 1528 refugit,
567 1457 604 1512 ut
624 1450 777 1513 idoneum
803 1452 931 1530 dequo
954 1457 1120 1530 quaeratur
1142 1470 1209 1514 non
1230 1460 1353 1532 putem.

181 1549 245 1611 Gur
260 1553 420 1627 praeterea
437 1547 586 1625 Weilius,
608 1564 682 1626 quae
703 1555 752 1610 est
773 1548 834 1610 viri
853 1549 1025 1622 subtilitas,
1047 1550 1215 1628 paululum
1233 1552 1358 1613 dubita·

181 1645 278 1707 tionis
297 1645 446 1707 habuerit
465 1644 694 1724 quindecimne
713 1663 754 1706 an
774 1645 948 1708 duodecim
968 1647 1140 1724 reciperet,
1161 1666 1227 1709 non
1248 1649 1355 1712 video.

182 1744 351 1821 Nusquam
380 1742 467 1803 enim
495 1743 664 1804 duodenos
691 1743 864 1805 choreutas
892 1744 1053 1806 excessise
1083 1746 1273 1824 AEsobylnm
1299 1761 1358 1827 pro

182 1847 272 1903 certo
294 1839 410 1917 habeo,
433 1846 467 1916 et
487 1838 570 1901 inira
593 1857 633 1902 ex
656 1840 790 1903 Orestiae
817 1859 949 1920 quoque
975 1841 1195 1921 exploratione
1218 1843 1355 1921 patebit;

180 1939 291 2016 itaque
302 1938 436 1999 minime
447 1937 630 1999 mirandum
645 1939 672 1998 si
687 1945 782 2016 poeta
796 1940 830 2000 iu
840 1938 1002 2017 prioribus
1016 1940 1229 2002 informandis
1241 1940 1358 2002 fabulis
1442 1949 1445 1953 ’

181 2051 320 2118 numero
338 2035 481 2114 legitimo
499 2037 772 2115 steterit‚.quippe
787 2038 853 2115 qui,
870 2043 1042 2118 postquam
1060 2038 1196 2100 chorum
1217 2037 1358 2118 amplifi-

185 2134 304 2196 caverit
323 2133 511 2212 Sophocles
532 2133 628 2196 etiam
649 2139 719 2196 turn
740 2134 895 2198 traditum
912 2136 1094 2216 antiquitus
1113 2153 1238 2199 morem
1258 2137 1358 2200 desti·

182 2237 291 2307 tuere,
318 2237 351 2292 et
378 2230 419 2292 ad
446 2230 621 2293 novissima
649 2233 829 2311 eademque
856 2233 1109 2296 Atheniensibus
1135 2233 1358 2313 acceptissima

184 2327 332 2392 deerrare
346 2329 498 2391 noluerit.

223 2427 318 2488 Nunc
333 2445 351 2486 a
366 2426 485 2504 quibus
503 2426 697 2505 anapaestico
716 2427 858 2506 paredus
876 2435 1012 2490 canatur
1031 2445 1139 2507 operae
1153 2429 1295 2507 pretium
1309 2437 1360 2492 est

184 2523 375 2603 disquirere.
389 2524 631 2586 Heimsoethius
650 2525 773 2586 nullam
792 2525 889 2586 aliam
906 2526 948 2587 ob
965 2543 1113 2588 caussam
1130 2527 1267 2588 chorum
1284 2527 1360 2589 soli·

187 2622 265 2683 dum
283 2623 435 2702 postulat,
451 2623 513 2684 uisi
532 2630 568 2685 ut
586 2623 628 2685 ad
647 2630 840 2686 concentum
858 2641 975 2686 vocum
994 2626 1051 2704 qui
1067 2631 1192 2703 partem
1209 2626 1360 2689 carminis

184 2718 395 2799 logaoedicam
424 2718 562 2801 (nl-llo)
590 2723 713 2800 deceat,
739 2722 833 2805 quasi
857 2724 898 2784 de
919 2724 1015 2801 plano
1040 2729 1223 2785 transeatur
1237 2723 1260 2781 ⁸.
1286 2723 1361 2796 Qui-

185 2817 259 2889 dam
273 2818 472 2880 stoeohornm
487 2820 761 2896 opportunitatem
776 2820 959 2897 coniectent
971 2818 992 2894 ¹⁵,
1012 2836 1151 2897 quorum
1166 2822 1359 2883 sententiam

169 2943 172 2947 ·
186 2920 313 2994 stupeo.
329 2916 392 2976 Fac
409 2915 496 2976 enim
516 2932 581 2977 non
601 2915 791 2978 inusitatum
807 2934 881 2978 esse
896 2917 1069 2977 choreutas
1083 2918 1169 2977 inter
1182 2917 1360 2995 ingredien-

185 3011 262 3073 dum
276 3004 354 3067 κατὰ
369 3004 517 3095 wolpodo
531 3012 669 3091 disponi,
682 3012 830 3091 quamvis
846 3012 1011 3092 proditum
1025 3013 1067 3073 sit
1079 3014 1235 3074 memoria
1250 3014 1361 3075 solitos

185 3109 284 3171 fuisse
296 3102 374 3164 κατὰ
395 3099 478 3191 ζυγὰ
491 3110 525 3169 in
537 3109 734 3172 orchestram
750 3109 912 3183 incedere,
923 3126 1074 3187 quaenam
1089 3116 1139 3171 est
1150 3115 1238 3171 certa
1247 3111 1361 3189 hyper-

187 3214 365 3268 metrorum
388 3206 515 3285 divisio,
538 3208 625 3269 unde
649 3214 870 3269 commentum
893 3206 981 3268 istud
995 3206 1203 3269 stabiliatur?
1221 3208 1362 3283 Weilius

188 3303 338 3377 undecim
355 3304 560 3382 hypermetra
576 3303 686 3367 statuit
705 3303 822 3383 callide
842 3305 975 3385 quidem
995 3305 1053 3367 sed
1070 3306 1221 3367 licentius
1239 3306 1362 3383 digesta

188 3404 221 3473 et
234 3416 253 3460 a
266 3401 437 3479 trigemino
451 3408 548 3464 cantu
564 3403 697 3464 omnino
712 3408 836 3465 remota
846 3402 875 3464 ⁶:
891 3403 945 3463 alii
959 3402 970 3437 ⁷
984 3420 1101 3466 novem
1116 3403 1236 3482 pariter
1246 3420 1361 3481 agnos·

187 3502 277 3569 cunt,
300 3498 359 3561 sed
383 3499 591 3579 periodorum
614 3500 742 3563 laxitate
766 3501 1036 3580 dipodiarumque
1061 3518 1198 3564 numero
1222 3503 1307 3563 inter
1326 3518 1363 3565 se

189 3593 416 3672 diversissima.
437 3598 484 3684 Ile
505 3614 579 3661 mea
597 3598 767 3676 partitione
786 3603 890 3676 taceo,
911 3616 1008 3677 quam
1026 3599 1261 3679 aliquantulum
1279 3607 1361 3663 tem·
1454 3609 1456 3612 ·

220 3757 243 3804 1.
257 3754 286 3803 t.
300 3768 333 3817 a,
347 3768 373 3817 p.
390 3756 429 3805 15.

219 3827 243 3875 2.
258 3826 297 3875 Dc
309 3840 353 3890 pr.
371 3830 440 3890 trop.
450 3826 548 3891 princ..
564 3840 595 3891 p.
613 3828 651 3877 66.

220 3899 243 3947 3.
259 3896 317 3960 Op,
332 3911 357 3959 p.
375 3897 430 3959 313,
447 3900 460 3957 t
476 3898 562 3963 lsqq.

219 3970 243 4015 1.
258 3968 371 4028 Beitr...‚
386 3981 412 4031 p.
430 3970 460 4017 39
476 3972 502 4019 et
516 3970 555 4018 13.

221 4039 244 4085 5.
259 4038 321 4087 Vid.
335 4038 455 4101 Lmonnn,
466 4038 563 4088 Annul.
572 4038 641 4103 plil.
651 4038 772 4089 ararnio
785 4040 828 4090 ed.
841 4054 884 4092 an.
895 4042 969 4103 18273
979 4068 1008 4077 —
1020 4041 1050 4090 0.
1059 4040 1174 4101 Miimnn,
1186 4040 1274 4104 llum„
1286 4053 1310 4101 p.
1321 4042 1366 4105 393

189 4106 334 4229 {pqgffiffffl’
352 4108 417 4228 1116ὃεῖ
437 4108 465 4158 d.
486 4110 593 4175 Tellunp
615 4110 660 4160 dcc
680 4110 769 4173 Chora,
785 4112 812 4161 in
834 4111 961 4163 Abland.
976 4111 1024 4162 der
1041 4112 1113 4162 Bair.
1128 4111 1215 4161 Alad.
1230 4110 1257 4161 d.
1275 4112 1367 4175 wisa,

255 4215 261 4239 t
300 4216 306 4239 t
324 4193 350 4242 1)·
426 4193 487 4242 8(1(1·

221 4252 245 4299 6.
261 4249 364 4313 Βαρρὶ,
380 4250 423 4316 ed.
438 4253 509 4301 1861.

221 4321 245 4369 ’1.
261 4320 321 4371 Vid.
337 4322 460 4384 Drunonr,
471 4321 574 4387 Suppl„
588 4323 630 4373 ed.
645 4324 762 4385 18733-
774 4325 866 4387 Ktorz,
877 4325 896 4375 l.
907 4340 940 4388 c,
954 4339 981 4388 p.
991 4295 1039 4387 36;
1050 4353 1082 4362 -
1096 4324 1252 4388 macanos-n,
1266 4324 1369 4388 Suppl„

190 4392 235 4442 ed.
251 4392 369 4455 13803„
383 4392 478 4456 Suum,
493 4394 549 4444 Zur
563 4395 687 4461 antistw
701 4409 727 4459 p.
740 4410 794 4446 x1v.
