3284 5200
179 850 180 853 Ὗ
309 766 311 770 -
436 687 571 824 un
640 683 1073 825 caurus

201 951 290 1119 ¹nu
338 1012 806 1118 nscuuuers
854 985 1311 1125 runamuus

545 1298 969 1391 orsrereurroun

622 2231 892 2308 PROOEMIUM
948 2274 951 2281 ·

184 2591 187 2600 ¹
210 2525 279 2585 Hoc
298 2523 376 2584 mibi
395 2524 549 2603 proposui
571 2541 722 2603 quaenam
738 2531 825 2586 esset
841 2523 1005 2604 AEscbylei
1018 2523 1110 2585 chori
1123 2523 1209 2584 inter
1222 2539 1344 2584 canen-

170 2624 247 2684 dum
260 2624 507 2701 saltandumque
521 2623 635 2685 divisio
650 2630 800 2685 accurate
816 2624 995 2701 explorare.
1013 2623 1094 2697 Quae
1108 2622 1241 2701 quidem
1252 2622 1343 2683 inda-

170 2722 256 2799 gatio
270 2720 310 2781 ad
321 2722 513 2782 illustranda
527 2721 605 2783 artis
618 2722 803 2784 dramaticae
818 2722 997 2800 primordia
1011 2722 1149 2782 muitum
1160 2719 1262 2795 valet3
1273 2720 1343 2799 sed,
1405 2782 1409 2788 ,

171 2836 246 2881 cnm
268 2820 439 2899 AEsohylus
463 2836 533 2881 eam
557 2820 760 2881 chorioorum
778 2820 936 2882 rationem
956 2819 1018 2879 sibi
1036 2815 1223 2897 instituerit,
1244 2836 1262 2878 a
1281 2835 1345 2894 qua

172 2917 288 2979 mirum
303 2923 589 2996 quantumpostea
604 2918 743 2995 tragoedi
758 2918 962 2991 desciverint,
977 2916 1113 2993 quaestio
1129 2933 1201 2977 mea
1215 2914 1346 2993 proprie

171 3014 204 3087 in
223 3015 292 3093 ejus
312 3014 476 3092 tragoediis
492 3015 686 3075 continetur.
704 3014 801 3091 Cujus
820 3030 952 3074 mancas
971 3030 1042 3074 esse
1057 3014 1215 3075 editiones
1228 3014 1340 3091 deplo-
1379 3042 1381 3048 ¹

171 3112 308 3172 randum
327 3119 388 3189 est,
405 3116 438 3172 et
456 3111 501 3171 nii
522 3110 583 3171 nisi
602 3111 741 3171 obscura
757 3116 789 3173 et
802 3110 883 3171 falsa
894 3110 1072 3188 legentium
1084 3111 1210 3171 animos
1222 3112 1343 3189 subire,

171 3209 300 3286 quando
324 3208 487 3268 choreutis
511 3208 673 3268 universis
697 3207 878 3285 saepissime
904 3207 1087 3269 tribuantur
1113 3224 1187 3286 quae
1211 3209 1346 3269 fortasse

171 3305 282 3381 paucis
298 3304 350 3365 vel
368 3304 506 3381 singulis
527 3304 591 3365 sint
610 3305 818 3367 restituenda.
840 3306 910 3367 Hac
930 3311 1039 3366 autern
1059 3305 1101 3367 de
1120 3322 1155 3367 re
1174 3306 1344 3384 disputabo

22 3482 27 3491 '
70 3460 72 3464 ,
172 3408 300 3479 poetam
323 3387 558 3464 nostrumnon
585 3403 687 3465 ferme
710 3403 808 3465 choro
838 3403 941 3465 solido
970 3420 1066 3465 usum
1090 3420 1177 3479 esse,
1203 3412 1245 3478 et,
1269 3405 1346 3465 licet

171 3499 294 3559 melicis
322 3505 507 3563 constanter
531 3500 644 3578 titulus
663 3491 770 3585 χορὸς
794 3502 1006 3577 inscribatur,
1032 3502 1096 3563 hoc
1125 3502 1187 3564 sub
1213 3501 1345 3563 nomine

171 3596 262 3675 quasi
278 3598 553 3675 comprehensivas
572 3615 719 3676 personae
739 3605 846 3678 partes
865 3600 984 3675 latere,
1000 3616 1082 3677 quas
1100 3599 1134 3660 in
1149 3615 1344 3677 unaquaque
1433 3667 1435 3670 ,

171 3694 278 3756 fabula
291 3702 432 3758 statuere
447 3696 598 3758 conabor.
662 3768 663 3775 χ

210 3794 312 3855 Nemo
341 3795 427 3855 enim
451 3794 569 3856 infitias
591 3795 650 3856 ibit
673 3796 752 3874 quin
774 3796 878 3874 lyrica
903 3796 937 3856 in
960 3795 1073 3874 primis
1092 3795 1228 3855 arduum
1248 3793 1345 3855 iuerit

172 3906 299 3967 canere,
322 3893 397 3971 quia
418 3893 460 3953 ad
482 3893 595 3955 tibiam
618 3899 821 3969 canerentur,
844 3899 877 3955 et
899 3891 1037 3955 maximo
1062 3893 1212 3955 dedecori
1236 3897 1343 3953 verte-

170 3994 260 4049 retur
283 3990 394 4067 actori‚
418 3990 445 4050 si
467 3990 541 4069 quis
563 4008 582 4051 a
605 3997 692 4052 recta
715 3991 895 4052 litterarum
918 3991 1135 4053 modulatione
1157 3990 1209 4051 vel
1230 3990 1345 4051 leviter

170 4086 360 4149 aberrasset.
382 4087 462 4161 Quae
482 4088 654 4150 difficultas
673 4095 709 4150 ut
732 4088 834 4165 major
854 4095 943 4151 esset
965 4088 1140 4151 accedebat
1161 4088 1249 4167 quod
1270 4104 1343 4165 pro·

169 4184 336 4245 nuntiandi
360 4185 493 4247 artificio
516 4187 590 4249 haec
610 4185 867 4267 subjungebatur
890 4187 996 4265 portio
1020 4184 1155 4249 actionis
1179 4203 1253 4265 quae
1275 4191 1355 4248 tota

168 4282 201 4342 in
215 4288 305 4344 motu
318 4290 397 4345 erat.
414 4285 561 4363 Namque
580 4302 638 4363 per
656 4285 796 4363 tragicas
815 4285 951 4347 choreas
972 4285 1146 4365 effingendi
1166 4290 1254 4347 erant
1274 4282 1342 4344 sive

167 4380 301 4443 affectus
327 4383 396 4445 sive
422 4383 536 4463 tragici
565 4389 710 4457 eventus,
741 4383 850 4445 omnia
878 4383 1018 4462 denique
1047 4400 1122 4462 quae
1150 4383 1259 4445 fabula
1287 4385 1343 4441 aut

274 4487 380 4545 Miner.
1185 4487 1198 4542 1
