3284 5200
680 416 874 509 ss-rrss.

173 580 376 643 Wecklinins
394 581 598 643 antitheticos
616 598 689 644 esse
708 588 804 659 negat
821 582 842 657 ¹,
865 589 1008 645 attamen
1028 584 1168 646 multum
1182 586 1349 658 addubitat

173 685 280 742 utrum
297 680 469 759 coryphaeo
486 696 600 741 omnes
620 698 661 740 an
680 666 955 743 hemichoriorum
970 681 1114 753 ducibus,
1127 683 1277 761 bipartito
1297 687 1352 747 tri·

171 778 249 852 buat
263 778 284 839 ².
306 778 371 839 Sed
391 794 454 856 ego.
475 796 494 839 a
513 795 565 839 mo
585 778 730 839 obtinere
754 796 881 857 nequeo
902 785 937 840 ut
960 780 1029 841 sive
1053 782 1263 859 coryphaeum
1281 783 1350 846 sive

171 882 354 955 parastaten
377 876 417 936 ad
441 876 705 938 dochmiacorum
723 892 934 937 numerorum
951 871 1227 957 perturbationem
1246 880 1347 942 addu-

172 990 252 1044 cam.
270 975 436 1052 Nusquam
451 972 484 1034 in
499 974 646 1035 confesso
661 980 710 1036 est
726 991 782 1035 eos
796 976 839 1035 ad
852 975 1060 1037 concitandos
1075 976 1215 1045 allectus,
1230 978 1348 1039 ceteris

171 1056 349 1150 piminisse,
366 1078 399 1133 et
410 1077 542 1149 propter
558 1072 739 1133 molliorem
754 1074 795 1133 ad
810 1073 1033 1149 suscipiendos
1047 1073 1183 1142 allectus
1200 1080 1347 1144 naturam

173 1170 340 1248 primarios
368 1170 538 1231 exstitisse.
569 1170 785 1248 Principatum
816 1177 927 1232 contra
955 1172 1045 1233 chori
1068 1172 1213 1234 tenuisse
1235 1174 1349 1235 ambos

173 1268 374 1335 credideram
389 1268 476 1345 quod
487 1272 541 1335 sui
555 1274 721 1345 compotes
736 1275 856 1340 essent,
873 1270 958 1330 etad
973 1270 1052 1331 istas
1066 1277 1193 1331 tantum
1209 1270 1347 1332 motiun-

109 1402 113 1407 -
173 1366 262 1449 cuias
277 1364 375 1426 inisse
394 1366 562 1442 proniores
581 1367 878 1448 quaeanapaestice¹
888 1368 1095 1443 graviterque
1109 1368 1344 1445 exprimantur,

173 1464 287 1532 Nonne
312 1456 443 1524 habebit
464 1463 585 1541 aliquid
607 1462 792 1525 offensionis
813 1464 841 1524 si
860 1464 1123 1531 ardentissimum
1143 1471 1346 1527 cantatorum

169 1561 289 1631 ¹ducem
303 1560 343 1622 ab
364 1560 499 1638 paeonici
517 1552 639 1638 paeanis
658 1562 797 1622 tumultu
813 1561 854 1622 ad
871 1562 1091 1638 proximorum
1106 1569 1346 1645 anapaestorum

171 1660 381 1736 compositam
401 1659 545 1735 quietem
563 1659 759 1720 reducemus
773 1658 803 1718 ³‘l
822 1660 938 1726 Nonne
954 1659 1065 1727 odiose
1079 1661 1253 1721 cessabunt
1268 1662 1344 1740 sile÷

170 1755 466 1839 buntquereliquae
481 1755 646 1829 mulieres
658 1756 685 1816 si
698 1762 753 1839 aut
767 1757 959 1834 coryphaeus
974 1774 1059 1817 nnus
1071 1762 1126 1817 aut
1139 1757 1205 1818 bini
1220 1763 1345 1819 tantum

169 1851 446 1915 hemichoriorum
461 1853 616 1931 praesides
626 1854 795 1915 funebrem
812 1854 930 1915 mortui
944 1855 1137 1916 cantilenam
1147 1856 1345 1932 praecinant?

169 1950 336 2029 Malignior
349 1951 481 2029 quidem
496 1951 556 2025 erit
571 1950 656 2029 regis
671 1950 875 2019 collaudatio.
894 1951 935 2012 At
949 1952 1048 2028 enim,
1061 1958 1177 2014 ceterae
1192 1953 1343 2015 threnum

168 2048 396 2125 ejulationibus
420 2048 704 2127 moestissimisque
729 2048 1031 2127 gesticulationibus
1059 2050 1299 2128 subsequentur
1320 2052 1340 2110 ⁴.

169 2146 306 2207 Subtilia
318 2146 450 2222 quidem
463 2152 592 2223 reperta
602 2136 611 2208 ’;
630 2147 688 2207 sed
701 2147 742 2207 de
756 2146 795 2206 iis
808 2147 894 2223 apud
907 2154 1035 2223 poetam
1046 2148 1146 2213 altum
1161 2148 1342 2225 silentium;

168 2244 266 2305 immo
280 2243 314 2303 in
331 2243 432 2321 ipsius
446 2244 554 2305 verbis
571 2244 790 2314 confirmatius
806 2252 854 2305 est
867 2245 947 2306 illud
962 2245 1002 2306 ab
1019 2246 1155 2307 Electrae
1171 2246 1343 2307 comitibus

167 2350 264 2412 ferale
279 2367 409 2412 carmen
423 2351 550 2427 concini
565 2334 852 2434 (...ἒξαυδωμένας,
878 2350 962 2431 151).
985 2351 1135 2413 Ceterum
1150 2369 1202 2413 me
1216 2353 1342 2435 miratio

168 2456 306 2539 incessit
320 2459 407 2537 quod
426 2445 657 2540 ἀπολελυμένοι
673 2474 787 2519 versus
802 2458 1020 2531 dimidiantur,
1038 2464 1070 2519 et
1084 2456 1168 2520 inter
1182 2458 1343 2521 hemicho-

169 2554 292 2616 riorum·
304 2555 465 2634 principes
479 2572 574 2634 aeque
595 2556 821 2634 dispensantur
836 2563 989 2636 tanquam
1004 2556 1237 2635 antistrophici.
1253 2558 1341 2618 Nun·

169 2669 264 2731 quam
284 2635 466 2733 astrophica
484 2655 598 2731 recipit
616 2655 678 2716 ista
697 2656 925 2717 choreutarum
945 2657 1089 2732 partitio;
1106 2656 1166 2717 sed
1187 2658 1343 2735 quemad-

168 2751 302 2812 modum
317 2751 523 2828 periodorum
539 2752 586 2813 sic
599 2767 808 2813 numerorum
826 2752 961 2829 paritate
975 2760 1142 2829 coaequata
1156 2754 1343 2841 antithetica

167 2847 318 2926 prosequi
333 2849 425 2909 solet.
438 2849 551 2927 Itaque
565 2850 742 2910 Hermanni
752 2849 763 2883 ⁸
775 2851 979 2926 sententiam,
992 2867 1089 2928 quam
1104 2851 1212 2911 Paleio
1226 2869 1342 2929 appro-

166 2946 254 3007 bavit
263 2945 286 3023 ⁸,
296 2946 417 3023 malim,
429 2946 551 3008 scilicet
560 2947 668 3008 locum
678 2954 825 3009 nostrum
835 2948 869 3007 in
882 2947 962 3008 duas
972 2949 1120 3024 strophas
1131 2949 1340 3011 dividendum

166 3060 252 3119 essa,
268 3060 354 3120 quae,
371 3044 518 3121 quamvis
537 3062 577 3106 ex
595 3045 790 3122 dochmiacis
808 3046 951 3106 numeris
971 3062 1121 3122 magnam
1135 3052 1260 3122 partem
1278 3048 1342 3107 sint

116 3155 118 3158 ·
167 3141 362 3216 constitutae,
379 3142 557 3217 remissius,
574 3148 610 3202 nt
623 3143 708 3203 inter
720 3161 756 3204 se
770 3144 1015 3220 respondentes,
1033 3142 1181 3203 labantur
1198 3148 1241 3216 et,
1258 3145 1341 3205 sicut

165 3237 232 3298 iere
252 3238 297 3315 fit,
321 3239 488 3318 dochmios
507 3240 546 3300 ad
567 3241 663 3318 unius
684 3240 796 3302 autad
818 3257 995 3318 paucorum
1018 3247 1149 3302 cantum
1168 3241 1281 3318 aptari,
1300 3243 1340 3303 ab

167 3335 374 3397 hemichoriis
386 3341 550 3397 canantur.
565 3337 643 3398 Inde
658 3345 689 3398 et
704 3338 834 3398 tolletur
851 3339 1034 3414 importuna
1048 3338 1249 3418 singulorum
1265 3356 1339 3400 can·

65 3473 69 3482 -
165 3433 302 3493 tantinm
319 3435 473 3511 paucitas
489 3439 522 3495 et
535 3434 557 3493 ii
577 3441 684 3495 motus
698 3435 817 3495 chorici
833 3436 1057 3497 describentur
1073 3437 1129 3513 qui
1147 3453 1255 3498 rerum
1271 3454 1339 3498 sce-

166 3531 311 3608 nicarum
327 3531 498 3608 participes
515 3531 650 3592 feminas
665 3533 808 3593 doceant.
827 3533 986 3610 Equidem
1001 3550 1066 3595 non
1082 3534 1207 3594 minimi
1220 3535 1340 3596 laboris
1437 3581 1443 3586 .

164 3627 226 3688 erit
239 3627 546 3704 antistrophioornm
565 3629 768 3692 librationem
783 3636 937 3706 statuere,
954 3633 1011 3692 sad
1028 3648 1203 3696 caveamus
1220 3650 1262 3693 ne
1279 3633 1340 3693 alia

166 3725 425 3802 monostrophica
435 3725 654 3787 existimemus
669 3733 787 3804 praeter
797 3744 872 3805 quae
887 3728 920 3786 in
936 3728 1088 3805 Septem⁷
1103 3736 1157 3796 aut
1172 3730 1205 3789 in
1220 3731 1338 3790 Eume-

197 3912 218 3958 1.
233 3909 318 3959 Flocir.
335 3910 438 3971 Jahrb,
455 3911 524 3970 1883,
543 3901 608 3960 Uber
621 3911 647 3960 cl.
667 3911 815 3962 laciniis...

196 3983 218 4029 2.
236 3980 357 4044 Gboepli„
376 3982 418 4031 etl.
434 3983 503 4031 1888.
520 3981 563 4032 Sic
583 3987 673 4032 autem
694 3988 782 4047 parles
797 3985 958 4035 distribuit:
980 3985 1028 4036 ἵετε
1053 3984 1160 4052 δάκρυ...
1180 3987 1205 4042 ἐξ
1226 3985 1340 4051 ἀμαυρᾶς

164 4053 258 4117 φρενός.
271 4079 303 4087 —-
315 4056 544 4105 ὀτοτοτοτοτοτοῖ...
560 4062 641 4118 νομῶν
658 4055 728 4118 βέλη.

196 4122 219 4170 3.
235 4123 264 4172 V.
282 4125 327 4171 306
345 4137 422 4194 sqq„

196 4196 219 4241 l.
234 4194 381 4252 Wacnnara,
398 4194 475 4244 Ascli.
491 4197 544 4256 Oa,
563 4209 588 4256 p.
606 4197 660 4256 113,
674 4195 738 4246 adn.
754 4197 787 4247 ad
808 4211 833 4247 v.
852 4200 965 4248 tta-163.

196 4267 219 4312 5.
234 4263 321 4314 AEacb.
342 4267 429 4332 Troy,
441 4267 472 4322 ll,
491 4281 516 4329 p.
535 4269 589 4327 515,
605 4267 667 4316 adn.
683 4268 717 4318 ad
733 4282 758 4318 v.
774 4271 887 4318 111-151.

194 4338 218 4384 6.
237 4335 285 4383 Ybe
303 4337 377 4400 Trap.
394 4340 427 4401 os
437 4337 533 4399 AEscb.,
549 4353 573 4401 p.
591 4340 704 4388 tol-502.

200 4409 221 4454 l.
237 4407 267 4454 V.
284 4408 383 4456 78·l⁰l.
