<?xml version="1.0" encoding="UTF-8"?>
<!DOCTYPE html PUBLIC "-//W3C//DTD XHTML 1.0 Transitional//EN"
    "http://www.w3.org/TR/xhtml1/DTD/xhtml1-transitional.dtd">
<html xmlns="http://www.w3.org/1999/xhtml" xml:lang="en" lang="en">
 <head>
  <title>
</title>
<meta http-equiv="Content-Type" content="text/html;charset=utf-8" />
  <meta name='ocr-system' content='tesseract 3.04.00' />
  <meta name='ocr-capabilities' content='ocr_page ocr_carea ocr_par ocr_line ocrx_word'/>
</head>
<body>
  <div class='ocr_page' id='page_1' title='image "./decantusinschyl01maurgoog_0094.png"; bbox 0 0 3284 5200; ppageno 0'>
   <div class='ocr_carea' id='block_1_1' title="bbox 770 423 970 487">
    <p class='ocr_par' dir='ltr' id='par_1_1' title="bbox 770 423 970 487">
     <span class='ocr_line' id='line_1_1' title="bbox 770 423 970 487; baseline 0.025 -6"><span class='ocrx_word' id='word_1_1' title='bbox 770 423 970 487; x_wconf 77' lang='lat'>.-78-</span> 
     </span>
    </p>
   </div>
   <div class='ocr_carea' id='block_1_2' title="bbox 252 554 1483 2896">
    <p class='ocr_par' dir='ltr' id='par_1_2' title="bbox 302 554 1482 731">
     <span class='ocr_line' id='line_1_2' title="bbox 302 554 1482 650; baseline 0.002 -20"><span class='ocrx_word' id='word_1_2' title='bbox 302 569 431 631; x_wconf 89' lang='lat' dir='ltr'>nidibus</span> <span class='ocrx_word' id='word_1_3' title='bbox 445 568 455 603; x_wconf 94' lang='lat'>¹</span> <span class='ocrx_word' id='word_1_4' title='bbox 470 570 511 632; x_wconf 91' lang='lat' dir='ltr'>ad</span> <span class='ocrx_word' id='word_1_5' title='bbox 522 570 693 633; x_wconf 90' lang='lat' dir='ltr'>choreutas</span> <span class='ocrx_word' id='word_1_6' title='bbox 708 554 868 649; x_wconf 72' lang='grc' dir='ltr'>σποράδην</span> <span class='ocrx_word' id='word_1_7' title='bbox 884 569 936 630; x_wconf 88' lang='lat' dir='ltr'>vel</span> <span class='ocrx_word' id='word_1_8' title='bbox 952 568 1148 649; x_wconf 79' lang='lat' dir='ltr'><strong>segregatim</strong></span> <span class='ocrx_word' id='word_1_9' title='bbox 1162 569 1195 631; x_wconf 92' lang='lat' dir='ltr'>in</span> <span class='ocrx_word' id='word_1_10' title='bbox 1214 571 1389 633; x_wconf 90' lang='lat' dir='ltr'>conistram</span> <span class='ocrx_word' id='word_1_11' title='bbox 1405 588 1482 650; x_wconf 91' lang='lat' dir='ltr'>pro-</span> 
     </span>
     <span class='ocr_line' id='line_1_3' title="bbox 302 668 799 731; baseline -0.002 -2"><span class='ocrx_word' id='word_1_12' title='bbox 302 670 455 731; x_wconf 75' lang='lat' dir='ltr'>cedentes</span> <span class='ocrx_word' id='word_1_13' title='bbox 469 668 534 730; x_wconf 88' lang='lat' dir='ltr'>sint</span> <span class='ocrx_word' id='word_1_14' title='bbox 549 668 799 731; x_wconf 89' lang='lat' dir='ltr'>accommodata.</span> 
     </span>
    </p>

    <p class='ocr_par' dir='ltr' id='par_1_3' title="bbox 299 763 1483 1219">
     <span class='ocr_line' id='line_1_4' title="bbox 342 763 1483 846; baseline 0.002 -18"><span class='ocrx_word' id='word_1_15' title='bbox 342 768 388 828; x_wconf 90' lang='lat' dir='ltr'>De</span> <span class='ocrx_word' id='word_1_16' title='bbox 400 766 553 845; x_wconf 85' lang='lat' dir='ltr'>proximis</span> <span class='ocrx_word' id='word_1_17' title='bbox 566 765 720 845; x_wconf 89' lang='lat' dir='ltr'>episodici</span> <span class='ocrx_word' id='word_1_18' title='bbox 735 764 887 843; x_wconf 84' lang='lat' dir='ltr'>colloquii</span> <span class='ocrx_word' id='word_1_19' title='bbox 902 763 1057 826; x_wconf 89' lang='lat' dir='ltr'>trimetris</span> <span class='ocrx_word' id='word_1_20' title='bbox 1073 763 1221 846; x_wconf 72' lang='lat'>(16‘1-82)</span> <span class='ocrx_word' id='word_1_21' title='bbox 1237 772 1269 828; x_wconf 89' lang='lat' dir='ltr'>et</span> <span class='ocrx_word' id='word_1_22' title='bbox 1289 767 1330 829; x_wconf 90' lang='lat' dir='ltr'>de</span> <span class='ocrx_word' id='word_1_23' title='bbox 1343 767 1483 830; x_wconf 89' lang='lat' dir='ltr'>iambico</span> 
     </span>
     <span class='ocr_line' id='line_1_5' title="bbox 299 862 1482 945; baseline 0.003 -20"><span class='ocrx_word' id='word_1_24' title='bbox 299 864 456 943; x_wconf 83' lang='lat' dir='ltr'>quinione</span> <span class='ocrx_word' id='word_1_25' title='bbox 475 862 610 945; x_wconf 75' lang='lat' dir='ltr'>(aot-68)</span> <span class='ocrx_word' id='word_1_26' title='bbox 630 864 685 925; x_wconf 92' lang='lat' dir='ltr'>ubi</span> <span class='ocrx_word' id='word_1_27' title='bbox 705 862 818 923; x_wconf 84' lang='lat' dir='ltr'>iratres</span> <span class='ocrx_word' id='word_1_28' title='bbox 832 866 940 923; x_wconf 88' lang='lat' dir='ltr'>tacere</span> <span class='ocrx_word' id='word_1_29' title='bbox 953 862 1122 940; x_wconf 86' lang='lat' dir='ltr'>jubentur,</span> <span class='ocrx_word' id='word_1_30' title='bbox 1140 880 1383 941; x_wconf 89' lang='lat' dir='ltr'>supervacuum</span> <span class='ocrx_word' id='word_1_31' title='bbox 1402 871 1482 944; x_wconf 91' lang='lat' dir='ltr'>puto</span> 
     </span>
     <span class='ocr_line' id='line_1_6' title="bbox 303 962 1478 1041; baseline 0 -18"><span class='ocrx_word' id='word_1_32' title='bbox 303 962 461 1023; x_wconf 84' lang='lat' dir='ltr'>disserere</span> <span class='ocrx_word' id='word_1_33' title='bbox 482 980 489 1023; x_wconf 94' lang='lat'><strong>:</strong></span> <span class='ocrx_word' id='word_1_34' title='bbox 510 978 549 1023; x_wconf 91' lang='lat' dir='ltr'>ea</span> <span class='ocrx_word' id='word_1_35' title='bbox 571 968 620 1023; x_wconf 88' lang='lat' dir='ltr'>ost</span> <span class='ocrx_word' id='word_1_36' title='bbox 647 965 832 1038; x_wconf 89' lang='lat' dir='ltr'>rogatorum</span> <span class='ocrx_word' id='word_1_37' title='bbox 857 974 1155 1040; x_wconf 88' lang='lat' dir='ltr'>responsorumque</span> <span class='ocrx_word' id='word_1_38' title='bbox 1175 962 1377 1039; x_wconf 81' lang='lat' dir='ltr'>perpetuitas</span> <span class='ocrx_word' id='word_1_39' title='bbox 1400 980 1478 1041; x_wconf 87' lang='lat' dir='ltr'>quae</span> 
     </span>
     <span class='ocr_line' id='line_1_7' title="bbox 301 1056 1478 1138; baseline 0.001 -18"><span class='ocrx_word' id='word_1_40' title='bbox 301 1076 368 1121; x_wconf 93' lang='lat' dir='ltr'>non</span> <span class='ocrx_word' id='word_1_41' title='bbox 382 1060 443 1120; x_wconf 90' lang='lat' dir='ltr'>nisi</span> <span class='ocrx_word' id='word_1_42' title='bbox 457 1059 491 1119; x_wconf 94' lang='lat' dir='ltr'>in</span> <span class='ocrx_word' id='word_1_43' title='bbox 509 1076 621 1134; x_wconf 88' lang='lat' dir='ltr'>unum,</span> <span class='ocrx_word' id='word_1_44' title='bbox 639 1074 677 1120; x_wconf 91' lang='lat' dir='ltr'>ea</span> <span class='ocrx_word' id='word_1_45' title='bbox 693 1062 742 1119; x_wconf 87' lang='lat' dir='ltr'>est</span> <span class='ocrx_word' id='word_1_46' title='bbox 759 1056 899 1135; x_wconf 88' lang='lat' dir='ltr'>gravitas</span> <span class='ocrx_word' id='word_1_47' title='bbox 913 1072 988 1135; x_wconf 86' lang='lat' dir='ltr'>quae</span> <span class='ocrx_word' id='word_1_48' title='bbox 1002 1074 1070 1119; x_wconf 93' lang='lat' dir='ltr'>non</span> <span class='ocrx_word' id='word_1_49' title='bbox 1084 1056 1145 1119; x_wconf 89' lang='lat' dir='ltr'>nisi</span> <span class='ocrx_word' id='word_1_50' title='bbox 1161 1059 1195 1120; x_wconf 93' lang='lat' dir='ltr'>in</span> <span class='ocrx_word' id='word_1_51' title='bbox 1208 1059 1478 1138; x_wconf 86' lang='lat' dir='ltr'>Choephorornm</span> 
     </span>
     <span class='ocr_line' id='line_1_8' title="bbox 304 1157 543 1219; baseline -0.013 -1"><span class='ocrx_word' id='word_1_52' title='bbox 304 1158 420 1219; x_wconf 90' lang='lat' dir='ltr'>ducem</span> <span class='ocrx_word' id='word_1_53' title='bbox 440 1157 543 1218; x_wconf 89' lang='lat' dir='ltr'>cadat.</span> 
     </span>
    </p>

    <p class='ocr_par' dir='ltr' id='par_1_4' title="bbox 252 1249 1482 2293">
     <span class='ocr_line' id='line_1_9' title="bbox 342 1249 1479 1332; baseline 0.002 -17"><span class='ocrx_word' id='word_1_54' title='bbox 342 1253 569 1331; x_wconf 81' lang='lat' dir='ltr'>Amplissimos</span> <span class='ocrx_word' id='word_1_55' title='bbox 584 1269 661 1314; x_wconf 91' lang='lat' dir='ltr'>vero</span> <span class='ocrx_word' id='word_1_56' title='bbox 682 1268 830 1313; x_wconf 87' lang='lat' dir='ltr'>commus</span> <span class='ocrx_word' id='word_1_57' title='bbox 848 1249 1021 1332; x_wconf 62' lang='grc'>(306478),</span> <span class='ocrx_word' id='word_1_58' title='bbox 1042 1254 1098 1332; x_wconf 92' lang='lat' dir='ltr'>qui</span> <span class='ocrx_word' id='word_1_59' title='bbox 1118 1252 1205 1316; x_wconf 93' lang='lat' dir='ltr'>circa</span> <span class='ocrx_word' id='word_1_60' title='bbox 1226 1254 1479 1332; x_wconf 78' lang='lat' dir='ltr'>Agamemnonis</span> 
     </span>
     <span class='ocr_line' id='line_1_10' title="bbox 302 1348 1480 1430; baseline 0 -17"><span class='ocrx_word' id='word_1_61' title='bbox 302 1349 463 1413; x_wconf 92' lang='lat' dir='ltr'>tumulum</span> <span class='ocrx_word' id='word_1_62' title='bbox 488 1349 680 1428; x_wconf 82' lang='lat' dir='ltr'>concinitur,</span> <span class='ocrx_word' id='word_1_63' title='bbox 707 1349 795 1410; x_wconf 90' lang='lat' dir='ltr'>haud</span> <span class='ocrx_word' id='word_1_64' title='bbox 821 1348 856 1409; x_wconf 93' lang='lat' dir='ltr'>in</span> <span class='ocrx_word' id='word_1_65' title='bbox 881 1356 1032 1427; x_wconf 89' lang='lat' dir='ltr'>promptu</span> <span class='ocrx_word' id='word_1_66' title='bbox 1059 1356 1111 1412; x_wconf 90' lang='lat' dir='ltr'>est</span> <span class='ocrx_word' id='word_1_67' title='bbox 1135 1351 1220 1413; x_wconf 91' lang='lat' dir='ltr'>inter</span> <span class='ocrx_word' id='word_1_68' title='bbox 1243 1368 1327 1429; x_wconf 88' lang='lat' dir='ltr'>qnos</span> <span class='ocrx_word' id='word_1_69' title='bbox 1353 1352 1480 1430; x_wconf 90' lang='lat' dir='ltr'>disper·</span> 
     </span>
     <span class='ocr_line' id='line_1_11' title="bbox 302 1447 1479 1526; baseline 0.001 -16"><span class='ocrx_word' id='word_1_70' title='bbox 302 1449 432 1511; x_wconf 87' lang='lat' dir='ltr'>tiendus</span> <span class='ocrx_word' id='word_1_71' title='bbox 441 1448 579 1522; x_wconf 91' lang='lat' dir='ltr'>sit‚adeo</span> <span class='ocrx_word' id='word_1_72' title='bbox 589 1449 630 1509; x_wconf 90' lang='lat' dir='ltr'>de</span> <span class='ocrx_word' id='word_1_73' title='bbox 645 1447 991 1525; x_wconf 86' lang='lat' dir='ltr'>personarumvicibus</span> <span class='ocrx_word' id='word_1_74' title='bbox 1005 1449 1143 1526; x_wconf 90' lang='lat' dir='ltr'>quaestio</span> <span class='ocrx_word' id='word_1_75' title='bbox 1155 1448 1280 1511; x_wconf 86' lang='lat' dir='ltr'>incidit.</span> <span class='ocrx_word' id='word_1_76' title='bbox 1290 1449 1386 1511; x_wconf 87' lang='lat' dir='ltr'>Chori</span> <span class='ocrx_word' id='word_1_77' title='bbox 1396 1455 1479 1511; x_wconf 87' lang='lat' dir='ltr'>stro·</span> 
     </span>
     <span class='ocr_line' id='line_1_12' title="bbox 304 1544 1480 1625; baseline 0.001 -18"><span class='ocrx_word' id='word_1_78' title='bbox 304 1547 384 1625; x_wconf 92' lang='lat' dir='ltr'>phas</span> <span class='ocrx_word' id='word_1_79' title='bbox 398 1547 605 1609; x_wconf 87' lang='lat' dir='ltr'>Hermannus</span> <span class='ocrx_word' id='word_1_80' title='bbox 620 1544 630 1577; x_wconf 84' lang='lat'><strong>¹</strong></span> <span class='ocrx_word' id='word_1_81' title='bbox 644 1544 852 1607; x_wconf 86' lang='lat' dir='ltr'>hemichoriis</span> <span class='ocrx_word' id='word_1_82' title='bbox 867 1545 977 1620; x_wconf 91' lang='lat' dir='ltr'>tradit;</span> <span class='ocrx_word' id='word_1_83' title='bbox 989 1544 1066 1606; x_wconf 90' lang='lat' dir='ltr'>hina</span> <span class='ocrx_word' id='word_1_84' title='bbox 1078 1546 1223 1623; x_wconf 88' lang='lat' dir='ltr'>longiora</span> <span class='ocrx_word' id='word_1_85' title='bbox 1237 1552 1480 1625; x_wconf 90' lang='lat' dir='ltr'>anapaestorum</span> 
     </span>
     <span class='ocr_line' id='line_1_13' title="bbox 304 1642 1481 1725; baseline 0.002 -21"><span class='ocrx_word' id='word_1_86' title='bbox 304 1651 478 1723; x_wconf 82' lang='lat' dir='ltr'>systemata</span> <span class='ocrx_word' id='word_1_87' title='bbox 501 1642 642 1725; x_wconf 58' lang='lat' dir='ltr'>(acela</span> <span class='ocrx_word' id='word_1_88' title='bbox 671 1642 804 1720; x_wconf 73' lang='lat' dir='ltr'>ata-79)</span> <span class='ocrx_word' id='word_1_89' title='bbox 830 1642 1001 1721; x_wconf 89' lang='lat' dir='ltr'>coryphaeo</span> <span class='ocrx_word' id='word_1_90' title='bbox 1024 1644 1171 1720; x_wconf 84' lang='lat' dir='ltr'>mandat3</span> <span class='ocrx_word' id='word_1_91' title='bbox 1195 1644 1344 1705; x_wconf 89' lang='lat' dir='ltr'>breviora</span> <span class='ocrx_word' id='word_1_92' title='bbox 1369 1650 1481 1706; x_wconf 90' lang='lat' dir='ltr'>autem</span> 
     </span>
     <span class='ocr_line' id='line_1_14' title="bbox 305 1738 1482 1821; baseline 0.001 -18"><span class='ocrx_word' id='word_1_93' title='bbox 305 1738 448 1821; x_wconf 50' lang='lat' dir='ltr'>(Old-lm</span> <span class='ocrx_word' id='word_1_94' title='bbox 467 1740 618 1821; x_wconf 77' lang='lat' dir='ltr'>too-tot)</span> <span class='ocrx_word' id='word_1_95' title='bbox 629 1747 746 1803; x_wconf 85' lang='lat' dir='ltr'>utrum</span> <span class='ocrx_word' id='word_1_96' title='bbox 762 1741 849 1803; x_wconf 88' lang='lat' dir='ltr'>idam</span> <span class='ocrx_word' id='word_1_97' title='bbox 866 1740 1059 1819; x_wconf 73' lang='lat' dir='ltr'>coryphaeus</span> <span class='ocrx_word' id='word_1_98' title='bbox 1078 1758 1119 1802; x_wconf 94' lang='lat' dir='ltr'>an</span> <span class='ocrx_word' id='word_1_99' title='bbox 1138 1760 1155 1801; x_wconf 77' lang='lat' dir='ltr'>r</span> <span class='ocrx_word' id='word_1_100' title='bbox 1177 1758 1264 1803; x_wconf 89' lang='lat' dir='ltr'>unus</span> <span class='ocrx_word' id='word_1_101' title='bbox 1283 1758 1322 1803; x_wconf 87' lang='lat' dir='ltr'>ex</span> <span class='ocrx_word' id='word_1_102' title='bbox 1342 1748 1482 1821; x_wconf 90' lang='lat' dir='ltr'>utroque</span> 
     </span>
     <span class='ocr_line' id='line_1_15' title="bbox 306 1837 1481 1917; baseline 0.002 -18"><span class='ocrx_word' id='word_1_103' title='bbox 306 1840 506 1903; x_wconf 90' lang='lat' dir='ltr'>hemichorio</span> <span class='ocrx_word' id='word_1_104' title='bbox 522 1858 539 1899; x_wconf 80' lang='lat' dir='ltr'>a</span> <span class='ocrx_word' id='word_1_105' title='bbox 556 1840 741 1917; x_wconf 89' lang='lat' dir='ltr'>pronuntiet</span> <span class='ocrx_word' id='word_1_106' title='bbox 756 1837 790 1899; x_wconf 93' lang='lat' dir='ltr'>in</span> <span class='ocrx_word' id='word_1_107' title='bbox 804 1837 928 1900; x_wconf 91' lang='lat' dir='ltr'>incerto</span> <span class='ocrx_word' id='word_1_108' title='bbox 943 1838 1106 1917; x_wconf 86' lang='lat' dir='ltr'>relinquit.</span> <span class='ocrx_word' id='word_1_109' title='bbox 1126 1839 1385 1917; x_wconf 82' lang='lat' dir='ltr'>Bambergerus⁸</span> <span class='ocrx_word' id='word_1_110' title='bbox 1402 1840 1481 1901; x_wconf 88' lang='lat' dir='ltr'>satis</span> 
     </span>
     <span class='ocr_line' id='line_1_16' title="bbox 252 1936 1481 2016; baseline 0.001 -19"><span class='ocrx_word' id='word_1_111' title='bbox 252 1962 255 1965; x_wconf 96' lang='lat'>·</span> <span class='ocrx_word' id='word_1_112' title='bbox 305 1938 402 1999; x_wconf 89' lang='lat' dir='ltr'>hahet</span> <span class='ocrx_word' id='word_1_113' title='bbox 420 1938 447 1999; x_wconf 91' lang='lat' dir='ltr'>si</span> <span class='ocrx_word' id='word_1_114' title='bbox 466 1956 481 1996; x_wconf 76' lang='lat' dir='ltr'>r</span> <span class='ocrx_word' id='word_1_115' title='bbox 503 1938 596 2015; x_wconf 90' lang='lat' dir='ltr'>plura</span> <span class='ocrx_word' id='word_1_116' title='bbox 616 1936 734 1998; x_wconf 90' lang='lat' dir='ltr'>indicia</span> <span class='ocrx_word' id='word_1_117' title='bbox 753 1936 843 1997; x_wconf 92' lang='lat' dir='ltr'>chori</span> <span class='ocrx_word' id='word_1_118' title='bbox 863 1952 929 1998; x_wconf 89' lang='lat' dir='ltr'>non</span> <span class='ocrx_word' id='word_1_119' title='bbox 947 1936 1081 1998; x_wconf 73' lang='lat' dir='ltr'>totius»</span> <span class='ocrx_word' id='word_1_120' title='bbox 1107 1937 1255 2016; x_wconf 85' lang='lat' dir='ltr'>dispexit.</span> <span class='ocrx_word' id='word_1_121' title='bbox 1281 1938 1345 1999; x_wconf 87' lang='lat' dir='ltr'>Sed</span> <span class='ocrx_word' id='word_1_122' title='bbox 1367 1938 1408 1999; x_wconf 91' lang='lat' dir='ltr'>de</span> <span class='ocrx_word' id='word_1_123' title='bbox 1428 1938 1481 1998; x_wconf 90' lang='lat' dir='ltr'>his</span> 
     </span>
     <span class='ocr_line' id='line_1_17' title="bbox 305 2032 1481 2113; baseline 0.002 -18"><span class='ocrx_word' id='word_1_124' title='bbox 305 2035 471 2097; x_wconf 91' lang='lat' dir='ltr'>hactenus.</span> <span class='ocrx_word' id='word_1_125' title='bbox 493 2035 629 2097; x_wconf 89' lang='lat' dir='ltr'>Praestat</span> <span class='ocrx_word' id='word_1_126' title='bbox 645 2032 733 2095; x_wconf 90' lang='lat' dir='ltr'>enim</span> <span class='ocrx_word' id='word_1_127' title='bbox 752 2032 793 2095; x_wconf 89' lang='lat' dir='ltr'>de</span> <span class='ocrx_word' id='word_1_128' title='bbox 810 2050 1023 2111; x_wconf 90' lang='lat' dir='ltr'>personarum</span> <span class='ocrx_word' id='word_1_129' title='bbox 1042 2034 1253 2097; x_wconf 81' lang='lat' dir='ltr'>alternatione</span> <span class='ocrx_word' id='word_1_130' title='bbox 1271 2052 1430 2113; x_wconf 86' lang='lat' dir='ltr'>quaerere,</span> <span class='ocrx_word' id='word_1_131' title='bbox 1448 2043 1481 2097; x_wconf 90' lang='lat' dir='ltr'>et</span> 
     </span>
     <span class='ocr_line' id='line_1_18' title="bbox 304 2131 1480 2212; baseline -0.001 -18"><span class='ocrx_word' id='word_1_132' title='bbox 304 2139 379 2195; x_wconf 90' lang='lat' dir='ltr'>ante</span> <span class='ocrx_word' id='word_1_133' title='bbox 397 2150 457 2195; x_wconf 90' lang='lat' dir='ltr'>suo</span> <span class='ocrx_word' id='word_1_134' title='bbox 474 2150 637 2212; x_wconf 89' lang='lat' dir='ltr'>quemque</span> <span class='ocrx_word' id='word_1_135' title='bbox 655 2131 726 2195; x_wconf 92' lang='lat' dir='ltr'>loco</span> <span class='ocrx_word' id='word_1_136' title='bbox 747 2138 945 2195; x_wconf 88' lang='lat' dir='ltr'>cantatorem</span> <span class='ocrx_word' id='word_1_137' title='bbox 963 2149 1122 2211; x_wconf 92' lang='lat' dir='ltr'>reponere</span> <span class='ocrx_word' id='word_1_138' title='bbox 1136 2149 1233 2211; x_wconf 92' lang='lat' dir='ltr'>quam</span> <span class='ocrx_word' id='word_1_139' title='bbox 1252 2133 1389 2210; x_wconf 87' lang='lat' dir='ltr'>partium</span> <span class='ocrx_word' id='word_1_140' title='bbox 1410 2133 1480 2193; x_wconf 90' lang='lat' dir='ltr'>dis·</span> 
     </span>
     <span class='ocr_line' id='line_1_19' title="bbox 305 2230 936 2293; baseline 0 0"><span class='ocrx_word' id='word_1_141' title='bbox 305 2231 514 2293; x_wconf 88' lang='lat' dir='ltr'>tributionem</span> <span class='ocrx_word' id='word_1_142' title='bbox 529 2230 753 2293; x_wconf 90' lang='lat' dir='ltr'>disterminare</span> <span class='ocrx_word' id='word_1_143' title='bbox 771 2246 936 2293; x_wconf 88' lang='lat' dir='ltr'>conemur.</span> 
     </span>
    </p>

    <p class='ocr_par' dir='ltr' id='par_1_5' title="bbox 301 2327 1483 2896">
     <span class='ocr_line' id='line_1_20' title="bbox 346 2327 1480 2406; baseline 0 -17"><span class='ocrx_word' id='word_1_144' title='bbox 346 2330 490 2390; x_wconf 90' lang='lat' dir='ltr'>Primum</span> <span class='ocrx_word' id='word_1_145' title='bbox 514 2345 591 2389; x_wconf 92' lang='lat' dir='ltr'>vero</span> <span class='ocrx_word' id='word_1_146' title='bbox 609 2345 641 2388; x_wconf 92' lang='lat' dir='ltr'>v.</span> <span class='ocrx_word' id='word_1_147' title='bbox 661 2327 798 2389; x_wconf 72' lang='lat' dir='ltr'>secata</span> <span class='ocrx_word' id='word_1_148' title='bbox 817 2328 897 2391; x_wconf 91' lang='lat' dir='ltr'>citra</span> <span class='ocrx_word' id='word_1_149' title='bbox 922 2327 1173 2406; x_wconf 89' lang='lat' dir='ltr'>disputationem</span> <span class='ocrx_word' id='word_1_150' title='bbox 1192 2327 1380 2403; x_wconf 88' lang='lat' dir='ltr'>manebunt,</span> <span class='ocrx_word' id='word_1_151' title='bbox 1403 2345 1480 2405; x_wconf 93' lang='lat' dir='ltr'>quo·</span> 
     </span>
     <span class='ocr_line' id='line_1_21' title="bbox 305 2424 1479 2504; baseline 0 -17"><span class='ocrx_word' id='word_1_152' title='bbox 305 2427 392 2488; x_wconf 91' lang='lat' dir='ltr'>niam</span> <span class='ocrx_word' id='word_1_153' title='bbox 414 2426 560 2504; x_wconf 91' lang='lat' dir='ltr'>plerique</span> <span class='ocrx_word' id='word_1_154' title='bbox 587 2426 780 2503; x_wconf 83' lang='lat' dir='ltr'>interpretes</span> <span class='ocrx_word' id='word_1_155' title='bbox 804 2424 1012 2487; x_wconf 90' lang='lat' dir='ltr'>consentiunt</span> <span class='ocrx_word' id='word_1_156' title='bbox 1039 2424 1087 2485; x_wconf 90' lang='lat' dir='ltr'>sic</span> <span class='ocrx_word' id='word_1_157' title='bbox 1114 2424 1266 2486; x_wconf 86' lang='lat' dir='ltr'>constitui</span> <span class='ocrx_word' id='word_1_158' title='bbox 1289 2431 1326 2486; x_wconf 90' lang='lat' dir='ltr'>ut</span> <span class='ocrx_word' id='word_1_159' title='bbox 1354 2424 1479 2487; x_wconf 86' lang='lat' dir='ltr'>Orestae</span> 
     </span>
     <span class='ocr_line' id='line_1_22' title="bbox 306 2522 1482 2602; baseline -0.001 -17"><span class='ocrx_word' id='word_1_160' title='bbox 306 2524 506 2602; x_wconf 83' lang='lat' dir='ltr'>Electraeque</span> <span class='ocrx_word' id='word_1_161' title='bbox 520 2522 716 2585; x_wconf 89' lang='lat' dir='ltr'>antitheticae</span> <span class='ocrx_word' id='word_1_162' title='bbox 735 2522 963 2602; x_wconf 88' lang='lat' dir='ltr'>responsiones</span> <span class='ocrx_word' id='word_1_163' title='bbox 977 2523 1108 2602; x_wconf 88' lang='lat' dir='ltr'>stropha</span> <span class='ocrx_word' id='word_1_164' title='bbox 1128 2528 1161 2584; x_wconf 89' lang='lat' dir='ltr'>et</span> <span class='ocrx_word' id='word_1_165' title='bbox 1174 2522 1374 2602; x_wconf 87' lang='lat' dir='ltr'>antistropha</span> <span class='ocrx_word' id='word_1_166' title='bbox 1391 2523 1482 2584; x_wconf 93' lang='lat' dir='ltr'>chori</span> 
     </span>
     <span class='ocr_line' id='line_1_23' title="bbox 305 2620 1478 2700; baseline -0.002 -16"><span class='ocrx_word' id='word_1_167' title='bbox 305 2623 355 2684; x_wconf 90' lang='lat' dir='ltr'>his</span> <span class='ocrx_word' id='word_1_168' title='bbox 368 2621 614 2696; x_wconf 86' lang='lat' dir='ltr'>intersecantur,</span> <span class='ocrx_word' id='word_1_169' title='bbox 630 2629 663 2684; x_wconf 91' lang='lat' dir='ltr'>et</span> <span class='ocrx_word' id='word_1_170' title='bbox 676 2622 812 2700; x_wconf 87' lang='lat' dir='ltr'>singulis</span> <span class='ocrx_word' id='word_1_171' title='bbox 832 2622 968 2683; x_wconf 84' lang='lat' dir='ltr'>fratrum</span> <span class='ocrx_word' id='word_1_172' title='bbox 982 2621 1119 2700; x_wconf 84' lang='lat' dir='ltr'>syzygiis</span> <span class='ocrx_word' id='word_1_173' title='bbox 1140 2620 1379 2699; x_wconf 85' lang='lat' dir='ltr'>praemittantur</span> <span class='ocrx_word' id='word_1_174' title='bbox 1399 2621 1478 2683; x_wconf 92' lang='lat' dir='ltr'>suh·</span> 
     </span>
     <span class='ocr_line' id='line_1_24' title="bbox 301 2718 1479 2800; baseline -0.001 -18"><span class='ocrx_word' id='word_1_175' title='bbox 301 2721 544 2800; x_wconf 85' lang='lat' dir='ltr'>junganturque</span> <span class='ocrx_word' id='word_1_176' title='bbox 562 2721 728 2799; x_wconf 90' lang='lat' dir='ltr'>anapaesti.</span> <span class='ocrx_word' id='word_1_177' title='bbox 750 2719 881 2782; x_wconf 89' lang='lat' dir='ltr'>Deinv.</span> <span class='ocrx_word' id='word_1_178' title='bbox 901 2718 1037 2780; x_wconf 76' lang='lat' dir='ltr'>aso-422</span> <span class='ocrx_word' id='word_1_179' title='bbox 1056 2719 1148 2798; x_wconf 90' lang='lat' dir='ltr'>quasi</span> <span class='ocrx_word' id='word_1_180' title='bbox 1167 2718 1289 2780; x_wconf 91' lang='lat' dir='ltr'>malum</span> <span class='ocrx_word' id='word_1_181' title='bbox 1308 2719 1479 2781; x_wconf 83' lang='lat' dir='ltr'>discordiae</span> 
     </span>
     <span class='ocr_line' id='line_1_25' title="bbox 306 2815 1483 2896; baseline -0.001 -17"><span class='ocrx_word' id='word_1_182' title='bbox 306 2817 559 2896; x_wconf 84' lang='lat' dir='ltr'>luerunt.Vulgo</span> <span class='ocrx_word' id='word_1_183' title='bbox 572 2823 669 2895; x_wconf 91' lang='lat' dir='ltr'>atque</span> <span class='ocrx_word' id='word_1_184' title='bbox 685 2818 858 2890; x_wconf 87' lang='lat' dir='ltr'>immerito,</span> <span class='ocrx_word' id='word_1_185' title='bbox 871 2823 1029 2896; x_wconf 90' lang='lat' dir='ltr'>qnantum</span> <span class='ocrx_word' id='word_1_186' title='bbox 1042 2815 1149 2894; x_wconf 88' lang='lat' dir='ltr'>opinio</span> <span class='ocrx_word' id='word_1_187' title='bbox 1165 2833 1237 2878; x_wconf 90' lang='lat' dir='ltr'>mea</span> <span class='ocrx_word' id='word_1_188' title='bbox 1250 2816 1323 2890; x_wconf 87' lang='lat' dir='ltr'>fert,</span> <span class='ocrx_word' id='word_1_189' title='bbox 1338 2816 1483 2894; x_wconf 88' lang='lat' dir='ltr'>strophae</span> 
     </span>
    </p>
   </div>
   <div class='ocr_carea' id='block_1_3' title="bbox 303 2911 1486 3784">
    <p class='ocr_par' dir='ltr' id='par_1_6' title="bbox 303 2911 1486 3784">
     <span class='ocr_line' id='line_1_26' title="bbox 306 2911 1484 3000; baseline -0.001 -14"><span class='ocrx_word' id='word_1_190' title='bbox 306 2911 333 2978; x_wconf 76' lang='grc' dir='ltr'>δ’</span> <span class='ocrx_word' id='word_1_191' title='bbox 354 2931 386 2986; x_wconf 92' lang='lat' dir='ltr'>et</span> <span class='ocrx_word' id='word_1_192' title='bbox 406 2912 433 2992; x_wconf 87' lang='grc' dir='ltr'>ζ’</span> <span class='ocrx_word' id='word_1_193' title='bbox 461 2925 596 2986; x_wconf 82' lang='lat' dir='ltr'>Electrae</span> <span class='ocrx_word' id='word_1_194' title='bbox 621 2925 753 2998; x_wconf 89' lang='lat' dir='ltr'>dantur,</span> <span class='ocrx_word' id='word_1_195' title='bbox 783 2924 907 2986; x_wconf 89' lang='lat' dir='ltr'>Orestae</span> <span class='ocrx_word' id='word_1_196' title='bbox 934 2929 1045 2986; x_wconf 91' lang='lat' dir='ltr'>contra</span> <span class='ocrx_word' id='word_1_197' title='bbox 1071 2923 1282 3000; x_wconf 86' lang='lat' dir='ltr'>antistrophae</span> <span class='ocrx_word' id='word_1_198' title='bbox 1299 2923 1322 2981; x_wconf 79' lang='lat'>⁴.</span> <span class='ocrx_word' id='word_1_199' title='bbox 1346 2921 1484 2985; x_wconf 88' lang='lat' dir='ltr'>Weilius</span> 
     </span>
     <span class='ocr_line' id='line_1_27' title="bbox 305 3019 1485 3102; baseline -0.003 -18"><span class='ocrx_word' id='word_1_200' title='bbox 305 3029 414 3084; x_wconf 88' lang='lat' dir='ltr'>autem</span> <span class='ocrx_word' id='word_1_201' title='bbox 433 3021 528 3083; x_wconf 90' lang='lat' dir='ltr'>aliam</span> <span class='ocrx_word' id='word_1_202' title='bbox 551 3022 621 3082; x_wconf 91' lang='lat' dir='ltr'>iniit</span> <span class='ocrx_word' id='word_1_203' title='bbox 643 3022 729 3083; x_wconf 90' lang='lat' dir='ltr'>viam</span> <span class='ocrx_word' id='word_1_204' title='bbox 752 3019 783 3102; x_wconf 84' lang='lat' dir='ltr'>(a</span> <span class='ocrx_word' id='word_1_205' title='bbox 806 3039 870 3100; x_wconf 90' lang='lat' dir='ltr'>qua</span> <span class='ocrx_word' id='word_1_206' title='bbox 889 3022 1022 3100; x_wconf 92' lang='lat' dir='ltr'>quidem</span> <span class='ocrx_word' id='word_1_207' title='bbox 1042 3021 1076 3081; x_wconf 94' lang='lat' dir='ltr'>in</span> <span class='ocrx_word' id='word_1_208' title='bbox 1096 3019 1321 3081; x_wconf 88' lang='lat' dir='ltr'>Teubneriana</span> <span class='ocrx_word' id='word_1_209' title='bbox 1339 3020 1485 3099; x_wconf 90' lang='lat' dir='ltr'>AEschyli</span> 
     </span>
     <span class='ocr_line' id='line_1_28' title="bbox 305 3117 1485 3198; baseline -0.003 -16"><span class='ocrx_word' id='word_1_210' title='bbox 305 3121 445 3183; x_wconf 87' lang='lat' dir='ltr'>editione</span> <span class='ocrx_word' id='word_1_211' title='bbox 459 3120 529 3198; x_wconf 88' lang='lat' dir='ltr'>ipse</span> <span class='ocrx_word' id='word_1_212' title='bbox 543 3120 710 3197; x_wconf 89' lang='lat' dir='ltr'>paululum</span> <span class='ocrx_word' id='word_1_213' title='bbox 724 3121 782 3180; x_wconf 91' lang='lat' dir='ltr'>sed</span> <span class='ocrx_word' id='word_1_214' title='bbox 797 3136 863 3180; x_wconf 92' lang='lat' dir='ltr'>non</span> <span class='ocrx_word' id='word_1_215' title='bbox 880 3118 1012 3181; x_wconf 91' lang='lat' dir='ltr'>omnino</span> <span class='ocrx_word' id='word_1_216' title='bbox 1026 3118 1199 3196; x_wconf 87' lang='lat' dir='ltr'>deerravit,</span> <span class='ocrx_word' id='word_1_217' title='bbox 1216 3123 1252 3178; x_wconf 90' lang='lat' dir='ltr'>ut</span> <span class='ocrx_word' id='word_1_218' title='bbox 1265 3118 1307 3178; x_wconf 89' lang='lat' dir='ltr'>ad</span> <span class='ocrx_word' id='word_1_219' title='bbox 1320 3117 1485 3195; x_wconf 81' lang='lat' dir='ltr'>vulgatam</span> 
     </span>
     <span class='ocr_line' id='line_1_29' title="bbox 305 3215 1485 3295; baseline -0.003 -17"><span class='ocrx_word' id='word_1_220' title='bbox 305 3218 424 3279; x_wconf 91' lang='lat' dir='ltr'>vicium</span> <span class='ocrx_word' id='word_1_221' title='bbox 451 3216 656 3294; x_wconf 84' lang='lat' dir='ltr'>partitionem</span> <span class='ocrx_word' id='word_1_222' title='bbox 684 3215 926 3295; x_wconf 86' lang='lat' dir='ltr'>reverteretur),</span> <span class='ocrx_word' id='word_1_223' title='bbox 958 3222 990 3278; x_wconf 90' lang='lat' dir='ltr'>et</span> <span class='ocrx_word' id='word_1_224' title='bbox 1017 3222 1168 3295; x_wconf 90' lang='lat' dir='ltr'>quartum</span> <span class='ocrx_word' id='word_1_225' title='bbox 1194 3215 1400 3294; x_wconf 88' lang='lat' dir='ltr'>stropharum</span> <span class='ocrx_word' id='word_1_226' title='bbox 1425 3232 1485 3293; x_wconf 89' lang='lat' dir='ltr'>par</span> 
     </span>
     <span class='ocr_line' id='line_1_30' title="bbox 306 3312 1484 3392; baseline -0.003 -15"><span class='ocrx_word' id='word_1_227' title='bbox 306 3314 440 3390; x_wconf 90' lang='lat' dir='ltr'>Orestae,</span> <span class='ocrx_word' id='word_1_228' title='bbox 462 3322 590 3376; x_wconf 86' lang='lat' dir='ltr'>sextum</span> <span class='ocrx_word' id='word_1_229' title='bbox 610 3315 745 3376; x_wconf 85' lang='lat' dir='ltr'>Electrae</span> <span class='ocrx_word' id='word_1_230' title='bbox 766 3315 941 3375; x_wconf 90' lang='lat' dir='ltr'>commisit.</span> <span class='ocrx_word' id='word_1_231' title='bbox 962 3314 1000 3374; x_wconf 94' lang='lat' dir='ltr'>In</span> <span class='ocrx_word' id='word_1_232' title='bbox 1017 3330 1082 3392; x_wconf 92' lang='lat' dir='ltr'>quo</span> <span class='ocrx_word' id='word_1_233' title='bbox 1101 3329 1218 3375; x_wconf 91' lang='lat' dir='ltr'>vereor</span> <span class='ocrx_word' id='word_1_234' title='bbox 1235 3330 1277 3374; x_wconf 92' lang='lat' dir='ltr'>ne</span> <span class='ocrx_word' id='word_1_235' title='bbox 1297 3312 1347 3373; x_wconf 91' lang='lat' dir='ltr'>vir</span> <span class='ocrx_word' id='word_1_236' title='bbox 1364 3313 1484 3375; x_wconf 89' lang='lat' dir='ltr'>doctis-</span> 
     </span>
     <span class='ocr_line' id='line_1_31' title="bbox 305 3409 1486 3489; baseline -0.001 -16"><span class='ocrx_word' id='word_1_237' title='bbox 305 3412 408 3473; x_wconf 92' lang='lat' dir='ltr'>simus</span> <span class='ocrx_word' id='word_1_238' title='bbox 418 3411 513 3473; x_wconf 90' lang='lat' dir='ltr'>solito</span> <span class='ocrx_word' id='word_1_239' title='bbox 526 3411 647 3489; x_wconf 83' lang='lat' dir='ltr'>ingenii</span> <span class='ocrx_word' id='word_1_240' title='bbox 659 3411 808 3473; x_wconf 87' lang='lat' dir='ltr'>acumine</span> <span class='ocrx_word' id='word_1_241' title='bbox 822 3412 957 3474; x_wconf 91' lang='lat' dir='ltr'>delusus</span> <span class='ocrx_word' id='word_1_242' title='bbox 967 3411 1073 3472; x_wconf 84' lang='lat' dir='ltr'>luerit.</span> <span class='ocrx_word' id='word_1_243' title='bbox 1084 3411 1215 3483; x_wconf 80' lang='lat' dir='ltr'>Quartae</span> <span class='ocrx_word' id='word_1_244' title='bbox 1226 3410 1369 3487; x_wconf 90' lang='lat' dir='ltr'>strophae</span> <span class='ocrx_word' id='word_1_245' title='bbox 1381 3409 1486 3489; x_wconf 89' lang='lat' dir='ltr'>liquet</span> 
     </span>
     <span class='ocr_line' id='line_1_32' title="bbox 303 3508 1483 3586; baseline -0.001 -16"><span class='ocrx_word' id='word_1_246' title='bbox 303 3511 402 3571; x_wconf 89' lang='lat' dir='ltr'>verba</span> <span class='ocrx_word' id='word_1_247' title='bbox 415 3509 457 3569; x_wconf 90' lang='lat' dir='ltr'>ad</span> <span class='ocrx_word' id='word_1_248' title='bbox 472 3508 596 3570; x_wconf 91' lang='lat' dir='ltr'>Orestae</span> <span class='ocrx_word' id='word_1_249' title='bbox 612 3513 737 3570; x_wconf 91' lang='lat' dir='ltr'>tantum</span> <span class='ocrx_word' id='word_1_250' title='bbox 752 3515 900 3586; x_wconf 90' lang='lat' dir='ltr'>tempora</span> <span class='ocrx_word' id='word_1_251' title='bbox 915 3526 999 3585; x_wconf 89' lang='lat' dir='ltr'>esse,</span> <span class='ocrx_word' id='word_1_252' title='bbox 1017 3510 1093 3586; x_wconf 91' lang='lat' dir='ltr'>quia</span> <span class='ocrx_word' id='word_1_253' title='bbox 1106 3509 1135 3569; x_wconf 92' lang='lat' dir='ltr'>is</span> <span class='ocrx_word' id='word_1_254' title='bbox 1150 3515 1200 3570; x_wconf 90' lang='lat' dir='ltr'>est</span> <span class='ocrx_word' id='word_1_255' title='bbox 1216 3508 1283 3586; x_wconf 89' lang='lat' dir='ltr'>qni,</span> <span class='ocrx_word' id='word_1_256' title='bbox 1300 3514 1369 3568; x_wconf 90' lang='lat' dir='ltr'>ute</span> <span class='ocrx_word' id='word_1_257' title='bbox 1386 3523 1483 3585; x_wconf 90' lang='lat' dir='ltr'>pere·</span> 
     </span>
     <span class='ocr_line' id='line_1_33' title="bbox 304 3605 1486 3684; baseline 0.001 -19"><span class='ocrx_word' id='word_1_258' title='bbox 304 3607 396 3684; x_wconf 87' lang='lat' dir='ltr'>grino</span> <span class='ocrx_word' id='word_1_259' title='bbox 420 3622 545 3680; x_wconf 86' lang='lat' dir='ltr'>recens,</span> <span class='ocrx_word' id='word_1_260' title='bbox 579 3607 667 3668; x_wconf 87' lang='lat' dir='ltr'>solus</span> <span class='ocrx_word' id='word_1_261' title='bbox 693 3607 733 3667; x_wconf 89' lang='lat' dir='ltr'>ad</span> <span class='ocrx_word' id='word_1_262' title='bbox 761 3607 918 3668; x_wconf 89' lang='lat' dir='ltr'>ultionem</span> <span class='ocrx_word' id='word_1_263' title='bbox 945 3606 1192 3668; x_wconf 87' lang='lat' dir='ltr'>submovendus</span> <span class='ocrx_word' id='word_1_264' title='bbox 1216 3605 1268 3678; x_wconf 90' lang='lat' dir='ltr'>sit,</span> <span class='ocrx_word' id='word_1_265' title='bbox 1296 3612 1338 3677; x_wconf 87' lang='lat' dir='ltr'>et,</span> <span class='ocrx_word' id='word_1_266' title='bbox 1367 3605 1486 3667; x_wconf 89' lang='lat' dir='ltr'>auditis</span> 
     </span>
     <span class='ocr_line' id='line_1_34' title="bbox 306 3702 1481 3784; baseline -0.003 -18"><span class='ocrx_word' id='word_1_267' title='bbox 306 3703 458 3766; x_wconf 81' lang='lat' dir='ltr'>extremis</span> <span class='ocrx_word' id='word_1_268' title='bbox 472 3704 563 3767; x_wconf 89' lang='lat' dir='ltr'>chori</span> <span class='ocrx_word' id='word_1_269' title='bbox 577 3703 721 3778; x_wconf 88' lang='lat' dir='ltr'>vocibus,</span> <span class='ocrx_word' id='word_1_270' title='bbox 735 3706 827 3784; x_wconf 89' lang='lat' dir='ltr'>quasi</span> <span class='ocrx_word' id='word_1_271' title='bbox 842 3705 966 3782; x_wconf 90' lang='lat' dir='ltr'>spiculo</span> <span class='ocrx_word' id='word_1_272' title='bbox 981 3703 1120 3765; x_wconf 86' lang='lat' dir='ltr'>findatur</span> <span class='ocrx_word' id='word_1_273' title='bbox 1135 3709 1167 3766; x_wconf 91' lang='lat' dir='ltr'>et</span> <span class='ocrx_word' id='word_1_274' title='bbox 1185 3709 1318 3782; x_wconf 86' lang='lat' dir='ltr'>paterna</span> <span class='ocrx_word' id='word_1_275' title='bbox 1332 3702 1365 3762; x_wconf 92' lang='lat' dir='ltr'>in</span> <span class='ocrx_word' id='word_1_276' title='bbox 1383 3702 1481 3763; x_wconf 91' lang='lat' dir='ltr'>inter-</span> 
     </span>
    </p>
   </div>
   <div class='ocr_carea' id='block_1_4' title="bbox 305 3795 1484 3987">
    <p class='ocr_par' dir='ltr' id='par_1_7' title="bbox 305 3795 1484 3987">
     <span class='ocr_line' id='line_1_35' title="bbox 305 3795 1484 3887; baseline -0.003 -16"><span class='ocrx_word' id='word_1_277' title='bbox 305 3810 442 3872; x_wconf 84' lang='lat' dir='ltr'>fectores</span> <span class='ocrx_word' id='word_1_278' title='bbox 461 3810 534 3871; x_wconf 90' lang='lat' dir='ltr'>odia</span> <span class='ocrx_word' id='word_1_279' title='bbox 552 3809 664 3871; x_wconf 90' lang='lat' dir='ltr'>discat.</span> <span class='ocrx_word' id='word_1_280' title='bbox 687 3809 850 3884; x_wconf 82' lang='lat' dir='ltr'>Ceterum,</span> <span class='ocrx_word' id='word_1_281' title='bbox 872 3814 908 3871; x_wconf 90' lang='lat' dir='ltr'>ut</span> <span class='ocrx_word' id='word_1_282' title='bbox 927 3809 1127 3887; x_wconf 88' lang='lat' dir='ltr'>antistropha</span> <span class='ocrx_word' id='word_1_283' title='bbox 1147 3795 1174 3863; x_wconf 86' lang='grc' dir='ltr'>δ’</span> <span class='ocrx_word' id='word_1_284' title='bbox 1191 3807 1344 3886; x_wconf 88' lang='lat' dir='ltr'>utrinque</span> <span class='ocrx_word' id='word_1_285' title='bbox 1362 3808 1484 3869; x_wconf 87' lang='lat' dir='ltr'>inflecti</span> 
     </span>
     <span class='ocr_line' id='line_1_36' title="bbox 306 3906 1484 3987; baseline -0.002 -17"><span class='ocrx_word' id='word_1_286' title='bbox 306 3915 338 3970; x_wconf 92' lang='lat' dir='ltr'>et</span> <span class='ocrx_word' id='word_1_287' title='bbox 350 3909 390 3969; x_wconf 90' lang='lat' dir='ltr'>ad</span> <span class='ocrx_word' id='word_1_288' title='bbox 407 3907 585 3986; x_wconf 90' lang='lat' dir='ltr'>quemlihet</span> <span class='ocrx_word' id='word_1_289' title='bbox 598 3906 747 3984; x_wconf 79' lang='lat' dir='ltr'>fratrum,</span> <span class='ocrx_word' id='word_1_290' title='bbox 762 3913 916 3987; x_wconf 87' lang='lat' dir='ltr'>tanquam</span> <span class='ocrx_word' id='word_1_291' title='bbox 932 3906 1037 3969; x_wconf 90' lang='lat' dir='ltr'>media</span> <span class='ocrx_word' id='word_1_292' title='bbox 1051 3913 1084 3968; x_wconf 88' lang='lat' dir='ltr'>et</span> <span class='ocrx_word' id='word_1_293' title='bbox 1102 3907 1142 3968; x_wconf 94' lang='lat' dir='ltr'>ab</span> <span class='ocrx_word' id='word_1_294' title='bbox 1159 3906 1248 3969; x_wconf 91' lang='lat' dir='ltr'>omni</span> <span class='ocrx_word' id='word_1_295' title='bbox 1268 3922 1484 3984; x_wconf 90' lang='lat' dir='ltr'>personarum</span> 
     </span>
    </p>
   </div>
   <div class='ocr_carea' id='block_1_5' title="bbox 259 4093 1487 4440">
    <p class='ocr_par' dir='ltr' id='par_1_8' title="bbox 338 4093 535 4142">
     <span class='ocr_line' id='line_1_37' title="bbox 338 4093 535 4142; baseline 0.005 -1"><span class='ocrx_word' id='word_1_296' title='bbox 338 4095 360 4141; x_wconf 84' lang='lat' dir='ltr'>i.</span> <span class='ocrx_word' id='word_1_297' title='bbox 376 4094 406 4141; x_wconf 94' lang='lat' dir='ltr'>V.</span> <span class='ocrx_word' id='word_1_298' title='bbox 422 4093 535 4142; x_wconf 74' lang='lat' dir='ltr'>att-275.</span> 
     </span>
    </p>

    <p class='ocr_par' dir='ltr' id='par_1_9' title="bbox 336 4164 665 4225">
     <span class='ocr_line' id='line_1_38' title="bbox 336 4164 665 4225; baseline -0.003 -13"><span class='ocrx_word' id='word_1_299' title='bbox 336 4165 359 4212; x_wconf 76' lang='lat'>2.</span> <span class='ocrx_word' id='word_1_300' title='bbox 375 4164 411 4213; x_wconf 89' lang='lat' dir='ltr'>De</span> <span class='ocrx_word' id='word_1_301' title='bbox 426 4177 453 4212; x_wconf 86' lang='lat' dir='ltr'>re</span> <span class='ocrx_word' id='word_1_302' title='bbox 467 4177 567 4223; x_wconf 83' lang='lat' dir='ltr'>acen...‚</span> <span class='ocrx_word' id='word_1_303' title='bbox 584 4177 609 4225; x_wconf 93' lang='lat' dir='ltr'>p.</span> <span class='ocrx_word' id='word_1_304' title='bbox 626 4164 665 4213; x_wconf 76' lang='lat'>15.</span> 
     </span>
    </p>

    <p class='ocr_par' dir='ltr' id='par_1_10' title="bbox 337 4233 582 4296">
     <span class='ocr_line' id='line_1_39' title="bbox 337 4233 582 4296; baseline -0.008 -14"><span class='ocrx_word' id='word_1_305' title='bbox 337 4236 360 4282; x_wconf 89' lang='lat'>3.</span> <span class='ocrx_word' id='word_1_306' title='bbox 373 4233 400 4281; x_wconf 77' lang='lat' dir='ltr'>l.</span> <span class='ocrx_word' id='word_1_307' title='bbox 417 4248 450 4294; x_wconf 83' lang='lat' dir='ltr'>c,</span> <span class='ocrx_word' id='word_1_308' title='bbox 463 4248 489 4296; x_wconf 90' lang='lat' dir='ltr'>p.</span> <span class='ocrx_word' id='word_1_309' title='bbox 504 4235 582 4283; x_wconf 68' lang='lat'>2030.</span> 
     </span>
    </p>

    <p class='ocr_par' dir='ltr' id='par_1_11' title="bbox 259 4301 1487 4440">
     <span class='ocr_line' id='line_1_40' title="bbox 259 4301 1487 4367; baseline -0.002 -15"><span class='ocrx_word' id='word_1_310' title='bbox 259 4339 267 4362; x_wconf 75' lang='grc'>,</span> <span class='ocrx_word' id='word_1_311' title='bbox 336 4306 359 4353; x_wconf 82' lang='lat' dir='ltr'>l.</span> <span class='ocrx_word' id='word_1_312' title='bbox 372 4303 431 4353; x_wconf 90' lang='lat' dir='ltr'>Vid.</span> <span class='ocrx_word' id='word_1_313' title='bbox 447 4305 474 4353; x_wconf 90' lang='lat' dir='ltr'>C.</span> <span class='ocrx_word' id='word_1_314' title='bbox 486 4305 517 4354; x_wconf 84' lang='lat' dir='ltr'>tl.</span> <span class='ocrx_word' id='word_1_315' title='bbox 533 4304 631 4366; x_wconf 76' lang='lat' dir='ltr'>Weiss,</span> <span class='ocrx_word' id='word_1_316' title='bbox 644 4303 731 4354; x_wconf 83' lang='lat' dir='ltr'>AEsclr.</span> <span class='ocrx_word' id='word_1_317' title='bbox 748 4305 836 4367; x_wconf 65' lang='lat' dir='ltr'>Traq„</span> <span class='ocrx_word' id='word_1_318' title='bbox 855 4304 929 4363; x_wconf 79' lang='lat' dir='ltr'>18l3;</span> <span class='ocrx_word' id='word_1_319' title='bbox 942 4331 973 4338; x_wconf 99' lang='lat'>-</span> <span class='ocrx_word' id='word_1_320' title='bbox 989 4304 1078 4365; x_wconf 76' lang='lat' dir='ltr'>Pauor,</span> <span class='ocrx_word' id='word_1_321' title='bbox 1098 4303 1147 4352; x_wconf 80' lang='lat' dir='ltr'>The</span> <span class='ocrx_word' id='word_1_322' title='bbox 1163 4304 1239 4367; x_wconf 79' lang='lat' dir='ltr'>Trap.</span> <span class='ocrx_word' id='word_1_323' title='bbox 1255 4301 1394 4366; x_wconf 78' lang='lat' dir='ltr'>ofAEsch.,</span> <span class='ocrx_word' id='word_1_324' title='bbox 1409 4303 1487 4363; x_wconf 74' lang='lat' dir='ltr'>itta,</span> 
     </span>
     <span class='ocr_line' id='line_1_41' title="bbox 304 4373 1287 4440; baseline -0.001 -16"><span class='ocrx_word' id='word_1_325' title='bbox 304 4401 336 4412; x_wconf 91' lang='lat'><em>-</em></span> <span class='ocrx_word' id='word_1_326' title='bbox 352 4375 506 4436; x_wconf 70' lang='lat' dir='ltr'>Krncumrr,</span> <span class='ocrx_word' id='word_1_327' title='bbox 521 4375 609 4424; x_wconf 78' lang='lat' dir='ltr'>AEsclr.</span> <span class='ocrx_word' id='word_1_328' title='bbox 626 4375 715 4440; x_wconf 73' lang='lat' dir='ltr'>Troy,</span> <span class='ocrx_word' id='word_1_329' title='bbox 730 4377 807 4436; x_wconf 77' lang='lat'><strong>18823</strong></span> <span class='ocrx_word' id='word_1_330' title='bbox 822 4398 854 4411; x_wconf 82' lang='lat'>-</span> <span class='ocrx_word' id='word_1_331' title='bbox 868 4375 991 4432; x_wconf 83' lang='lat' dir='ltr'>Dmnonr,</span> <span class='ocrx_word' id='word_1_332' title='bbox 1010 4373 1095 4424; x_wconf 83' lang='lat' dir='ltr'>AEsch.</span> <span class='ocrx_word' id='word_1_333' title='bbox 1115 4375 1203 4438; x_wconf 66' lang='lat' dir='ltr'>Troy„</span> <span class='ocrx_word' id='word_1_334' title='bbox 1216 4376 1287 4425; x_wconf 75' lang='lat'><strong>1882.</strong></span> 
     </span>
    </p>
   </div>
   <div class='ocr_carea' id='block_1_6' title="bbox 0 0 1655 5200">
    <p class='ocr_par' dir='ltr' id='par_1_12' title="bbox 0 0 1655 5200">
     <span class='ocr_line' id='line_1_42' title="bbox 0 0 1655 5200; baseline 0 0"><span class='ocrx_word' id='word_1_335' title='bbox 0 0 1655 5200; x_wconf 95' lang='lat' dir='ltr'> </span> 
     </span>
    </p>
   </div>
  </div>
 </body>
</html>
