3284 5200
678 436 850 503 .-9t-

183 570 392 651 conjectanea
411 568 565 649 proderit,
584 570 640 632 ubi
657 588 688 633 v.
708 572 828 633 alera
845 572 1056 651 attigerimus.
1071 574 1166 651 Hunc
1184 574 1271 635 enim
1286 580 1354 636 tra-

180 668 298 748 goediae
313 669 422 730 locum
441 668 561 731 mirum
576 675 734 747 quantum
750 670 943 748 interpretes
956 670 1101 733 dissimili
1116 671 1240 732 ratione
1251 671 1357 749 expla-

181 773 339 829 naverunt
349 765 371 827 ¹.
382 766 528 840 Quorum
542 768 672 828 inventa
684 768 793 829 omnia
806 768 981 829 admodum
992 768 1214 830 submovenda
1224 785 1353 843 censeo,

180 882 255 926 cum
274 864 310 925 hi
329 871 450 943 praeter
462 864 609 943 AEschyti
626 866 896 927 consuetudinem
911 872 945 927 et
958 866 1113 927 orationis
1127 866 1223 928 etiarn
1237 866 1355 928 indicia

180 962 442 1041 quattuordecim
477 963 650 1025 choreutas
684 961 919 1039 adnumerent3
950 964 1103 1042 sparsim·
1126 971 1355 1026 concursantes

181 1062 354 1123 choreutas
374 1066 497 1122 temere
518 1061 563 1120 itti
585 1062 618 1120 in
637 1066 847 1137 symmetram
870 1060 1146 1123 hemichoriorum
1164 1060 1302 1139 figuram
1322 1062 1354 1122 vi

182 1160 324 1236 trudant,
340 1158 532 1237 iniquusque
548 1157 712 1235 portiones
725 1159 829 1235 aequis
840 1155 1354 1238 bemicho'riistradant;denique
1452 1166 1454 1171 '

182 1256 430 1334 alloeostrophos
448 1273 562 1321 versus
581 1257 633 1317 alii
654 1257 688 1317 in
707 1257 894 1319 antithetica
914 1258 999 1318 male
1022 1256 1225 1326 distribuant,
1245 1263 1301 1318 aut
1321 1258 1354 1318 in

181 1362 320 1432 septem,
353 1361 438 1428 octo,
468 1354 649 1429 duodecim,
676 1355 861 1433 quindecim
885 1362 1044 1416 commata
1071 1362 1255 1417 consecant.
1282 1354 1354 1416 Non

182 1470 316 1514 necesse
339 1452 444 1515 habeo
469 1468 586 1513 manus
606 1453 748 1530 antiquae
771 1454 940 1530 scripturae
963 1453 1106 1531 injicere,
1129 1470 1236 1531 neque
1258 1453 1356 1514 inter·

182 1551 373 1628 punctiones
390 1555 528 1625 mutare,
541 1556 578 1611 ut
592 1550 708 1612 rationi
724 1568 807 1612 meae
825 1550 1033 1626 satisfaciam
1048 1552 1105 1612 sed
1122 1551 1259 1628 repertis
1272 1550 1354 1612 meis

180 1648 279 1723 iruor,
307 1654 404 1727 prout
427 1647 573 1727 quidque
594 1665 659 1710 non
681 1647 724 1708 ita
745 1648 1000 1726 magnilaboris
1019 1655 1078 1721 est,
1104 1654 1137 1709 et
1158 1647 1291 1709 minime
1312 1648 1353 1709 ab

116 1820 119 1827 Ι
179 1746 323 1823 AEschyli
351 1746 499 1807 instituto
533 1746 807 1824 usitatissimoque
840 1746 974 1808 artificio
1004 1746 1150 1807 discedit.
1182 1746 1289 1819 Quare
1319 1762 1350 1807 v.

178 1844 297 1905 att-53
326 1844 502 1923 coryphaeo
531 1845 664 1907 credere
692 1860 758 1906 non
786 1843 956 1917 dubitabo;
979 1845 1062 1905 solet
1090 1844 1176 1905 enim
1198 1849 1353 1922 tanquam

178 1942 269 2003 chori
289 1942 353 2003 dux
371 1942 490 2003 ceteris
510 1942 638 2020 praeire,
656 1947 687 2003 et
706 1958 765 2020 per
783 1959 819 2002 se
838 1959 924 2003 unus
945 1941 1092 2003 dictitare
1113 1958 1188 2020 quae
1211 1942 1353 2002 universi

178 2040 307 2119 proprie
321 2038 493 2117 quaeritent
507 2041 558 2100 vel
578 2046 685 2117 agant.
702 2040 853 2101 Ceterum
874 2040 1038 2101 trimetros
1051 2040 1129 2102 istos
1146 2045 1266 2102 attente
1281 2056 1353 2117 per-

178 2138 297 2215 legenti
312 2137 444 2199 cuilibet
459 2138 619 2216 imagines
635 2154 749 2199 omnes
762 2155 780 2198 e
793 2137 967 2198 venatoriis
983 2136 1127 2198 moribus
1141 2138 1254 2198 ductas
1270 2136 1354 2197 inter

179 2252 215 2295 se
244 2235 409 2297 cohaerere
440 2235 691 2313 perpetuarique
718 2233 877 2308 clarebit,
904 2241 937 2295 et
967 2234 1185 2294 similitudinis
1217 2232 1352 2312 poeticae

179 2333 296 2394 seriem
313 2333 441 2394 efficere
461 2334 547 2394 unde
566 2332 645 2393 nihil
663 2333 796 2393 distrahi
815 2339 924 2410 queat.
941 2331 1034 2404 Quod
1053 2333 1082 2391 si
1100 2332 1228 2409 longius
1247 2331 1352 2392 simile

178 2431 264 2491 istud
292 2430 453 2504 dilatatur,
479 2430 618 2490 maxime
645 2429 807 2505 conducit,
830 2439 861 2491 et
889 2428 1000 2508 lyricae
1029 2429 1163 2507 picturae
1190 2429 1352 2490 insectan-

178 2528 324 2608 tiumque
342 2527 543 2606 temporibus
558 2527 702 2606 inservit,
718 2534 750 2589 et
769 2529 810 2589 ad
831 2544 900 2588 rem
920 2527 1080 2589 scenicam
1102 2527 1238 2587 multum
1255 2527 1350 2600 valet,

209 2707 231 2752 t.
251 2705 425 2754 Hermannus
449 2702 579 2768 σποράδην
599 2703 710 2765 quidem
732 2704 847 2754 chorum
870 2703 898 2752 in
922 2702 1051 2764 templum
1075 2703 1269 2765 irrumpentem
1291 2704 1354 2754 iacit

178 2774 293 2838 (Opaca,
307 2769 326 2824 t.
342 2775 373 2831 11,
390 2788 416 2836 p.
433 2775 497 2838 131),
515 2775 561 2823 sed
577 2775 770 2836 atioeostropira
783 2775 909 2836 (ase-275)
924 2774 1023 2835 septies
1037 2773 1135 2822 dividit
1151 2774 1246 2834 (AEsclr.
1261 2775 1353 2823 Eume·

176 2845 264 2902 niden,
284 2859 309 2906 p.
333 2848 379 2903 513
404 2844 494 2894 AEach.
518 2847 606 2908 Trcp„
627 2845 647 2905 l,
671 2859 697 2909 p.
718 2846 846 2907 ato-281),
871 2848 1012 2906 totumque
1038 2845 1126 2893 iocum
1152 2844 1191 2893 sic
1218 2849 1350 2894 enarrat:

177 2938 189 2962 a
207 2917 335 2967 Praeclara
350 2917 489 2966 adnotatio
502 2917 653 2966 scholiastae
668 2916 768 2980 legitur
781 2915 815 2964 ad
829 2930 855 2963 v.
871 2916 916 2963 254
931 2916 958 2965 τὸ
974 2914 1035 2965 αὐτὸ
1049 2914 1187 2980 πρόσωπόν
1202 2918 1266 2966 ἐστι.
1281 2917 1351 2966 Huic

176 2988 261 3038 Furiae
276 2989 340 3038 dum
355 3002 402 3048 ece,
418 3001 478 3051 quae
490 2987 547 3048 jam
562 2991 709 3050 praesentes
724 2991 809 3046 erant,
827 2986 1001 3047 respondent,
1016 2985 1125 3048 reliquae
1137 2990 1349 3048 congregantur,

178 3060 242 3120 ipsae
256 3073 364 3122 quoque
374 3059 477 3122 aliquid
491 3057 620 3108 dicentes.
636 3059 777 3120 Quumque
788 3063 891 3119 septem
903 3057 958 3106 sint
968 3061 1109 3115 commata,
1122 3057 1180 3104 reri
1193 3056 1282 3106 simile
1297 3062 1349 3118 est,

176 3134 239 3192 post
248 3130 364 3194 primam
378 3129 450 3178 iilam
459 3130 595 3192 quaterde
606 3129 687 3188 binis,
697 3128 738 3178 bis
750 3128 783 3177 de
796 3127 881 3178 ternis
890 3142 970 3177 unam
983 3127 1086 3190 aliquid
1098 3128 1196 3177 dicere.
1210 3145 1222 3171 a
1234 3127 1350 3191 (Opere,

176 3205 196 3250 t.
218 3199 250 3262 11,
274 3215 299 3262 p.
322 3201 392 3263 131.)
415 3201 559 3250 Muellerus
587 3201 670 3262 (Euan.
695 3201 840 3260 comment,
864 3214 890 3262 p.
914 3199 952 3262 81)
973 3213 989 3248 a
1012 3211 1038 3247 r.
1060 3200 1105 3246 214
1130 3198 1349 3262 quattuordecim

177 3271 233 3320 sire
250 3271 371 3320 dicentes
392 3271 449 3320 sive
467 3275 607 3322 cantantes
626 3271 770 3320 choreutas
785 3271 887 3332 reperit
905 3274 933 3320 et
949 3268 1120 3332 ἀπολελυμένα
1135 3269 1217 3332 lyrica
1233 3269 1351 3332 (aar-275)

177 3342 374 3405 antistrophice
390 3342 542 3402 constituit,
558 3343 585 3390 in
602 3342 733 3404 binasque
748 3342 872 3405 syzygias
890 3340 1003 3390 diducit.
1019 3340 1206 3389 Lachmannus
1218 3340 1264 3403 (De
1278 3339 1349 3390 cher.

175 3415 252 3475 spat„
266 3426 292 3475 p.
308 3414 337 3461 90
353 3413 422 3476 sqq.)
437 3413 601 3476 ustroohicae,
612 3413 752 3463 cantilenae
768 3413 890 3474 singulos
902 3426 996 3462 versus
1009 3411 1123 3472 singulis
1133 3411 1350 3461 choreutiscom·

179 3482 272 3532 mittit.
290 3482 459 3532 Wellauerus
478 3483 576 3548 (AEsch.
598 3485 685 3548 Traq,
712 3483 781 3546 1881)
804 3482 956 3546 singulares
979 3495 1087 3544 quoque
1112 3487 1201 3544 partes
1228 3482 1349 3547 conjicit,

177 3553 225 3604 sed
245 3553 344 3616 quibus
365 3556 550 3604 cantatoribus
570 3555 670 3604 viritim
695 3553 879 3616 portiunculas
895 3553 1033 3603 adscribat
1047 3554 1076 3602 in
1092 3553 1194 3602 incerto
1210 3553 1348 3615 relinquit.

177 3623 374 3688 Bambergerus
390 3624 419 3687 (l.
431 3639 463 3686 c.,
475 3639 501 3688 p.
517 3627 596 3688 66-81)
614 3639 637 3674 v.
647 3627 748 3674 aee-275
764 3626 879 3687 partitur
891 3629 1053 3674 atramenta
1063 3623 1126 3673 inde
1138 3624 1224 3673 tribus
1238 3623 1347 3673 stoecbis

177 3697 306 3760 deinceps
330 3696 372 3746 bis
393 3697 541 3759 permittat.
561 3697 698 3746 Albertius
719 3696 765 3759 (De
784 3695 872 3746 AEsclt.
894 3694 965 3744 chor.
984 3695 1087 3758 suppl„
1108 3709 1135 3758 p.
1159 3695 1197 3756 ra)
1218 3708 1347 3757 zygorum

174 3773 285 3817 cantum
314 3767 477 3829 perobscura
500 3768 650 3830 anteponit.
669 3768 836 3829 Hartungius
859 3765 956 3829 (AEacli.
980 3766 1282 3829 Trup.,1853·1855)in
1305 3779 1347 3814 ca·

174 3838 273 3889 nendis
294 3853 320 3886 r.
346 3840 452 3888 255-275
477 3842 518 3887 ter
531 3838 666 3900 ,singulas
687 3838 779 3888 Furias
800 3837 931 3887 continuo
955 3836 1066 3886 adhibet
1086 3850 1244 3899 noyenaque
1263 3837 1347 3886 irusta

174 3909 308 3971 dispertit.
328 3909 512 3958 Kirchlroifius
533 3908 630 3971 (AEaclt.
653 3911 740 3973 Τναφ,
762 3909 831 3971 18811)
847 3909 1011 3972 singularem
1033 3921 1141 3978 quoquc
1163 3913 1281 3964 centurn,
1299 3907 1355 3956 sed·

173 3981 248 4029 nullu
268 3993 350 4044 porro
369 3983 472 4030 tentata
490 3980 663 4050 enodatione,
685 3980 792 4042 accipit.
808 3981 876 4028 Tum
901 3979 1067 4029 Weckiinius
1087 3977 1172 4042 (Ascli.
1185 3978 1277 4041 Or.,p.
1290 3979 1345 4040 art,

171 4049 296 4110 adn.;'-
312 4050 396 4101 l'lcclr.
410 4050 514 4110 latae,
532 4052 602 4111 1883,
620 4051 686 4100 Uber
699 4051 725 4100 cl.
746 4050 839 4100 Tecb...
853 4078 885 4087 -
899 4064 979 4113 quem
997 4049 1158 4112 redarguere
1177 4055 1290 4099 conatus
1305 4055 1347 4100 est

171 4120 278 4171 Mustius
296 4123 324 4170 in
343 4121 429 4171 Flecte.
443 4121 548 4183 Jahrb,
567 4125 636 4182 1883,
652 4136 679 4184 p.
698 4123 738 4185 23)
753 4123 792 4172 sic
810 4122 945 4172 rationem
959 4135 1035 4171 snam
1055 4121 1182 4184 proponit
1198 4137 1205 4170 :
1220 4141 1233 4166 a
1252 4121 1346 4171 Zucrst

171 4193 307 4248 erscheint
325 4193 375 4243 wie
397 4193 480 4257 Soplr.
504 4194 555 4255 ni,
575 4195 646 4253 1866,
671 4193 719 4244 der
737 4194 797 4244 eine
815 4193 960 4253 lialbcbor,
981 4193 1042 4243 dem
1059 4192 1107 4243 der
1123 4191 1289 4255 Koryphaios
1305 4192 1344 4243 uls
1396 4215 1398 4224 ·

171 4263 275 4314 Fithrer
293 4265 474 4327 voruusgeht3
490 4265 542 4314 den
556 4265 670 4316 Worten
687 4259 736 4314 'der
751 4263 883 4314 Ftibrerin
897 4263 925 4327 (1)
941 4263 1067 4314 erwidert
1084 4263 1133 4314 der
1144 4263 1280 4314 Halbchor
1293 4263 1344 4327 (11).

171 4333 247 4384 Danu
265 4336 395 4386 Kommen
421 4335 491 4386 nach
508 4336 637 4387 einander
656 4336 701 4386 die
720 4335 798 4386 secbs
818 4335 971 4397 Mitglieder
987 4334 1036 4386 des
1055 4334 1174 4386 anderen
1194 4334 1343 4386 Halbchors

171 4405 274 4468 (3·8),11
