3284 5200
815 399 977 464 ..50-

346 540 440 602 Nunc
457 553 535 599 vero
549 536 590 598 de
603 554 635 598 v.
656 534 772 597 816-60
788 535 976 607 videndum,
992 535 1034 597 de
1053 535 1172 616 quibus
1190 537 1358 599 nonnullae
1376 538 1484 602 allatae

307 643 382 699 sunt
400 635 627 699 dubitationes,
656 636 763 696 Hosne
790 634 876 696 enim
904 633 1153 712 antistrophicos
1178 652 1252 696 esse
1277 636 1485 720 Hermannus

307 735 443 813 conjecit
462 733 485 810 ¹,
507 734 594 813 quod
613 733 751 794 Weilius
766 731 789 805 ²,
811 732 1030 793 Kirchhoifius
1048 733 1059 766 ³
1078 738 1112 794 et
1128 733 1332 794 Wecklinius
1348 733 1359 766 ⁶
1375 741 1483 796 ratum

306 833 502 906 habuerunt;
515 831 568 892 alii
585 837 705 904 antem,
721 835 757 892 ut
771 829 920 891 Mutfius⁸
931 837 963 892 et
977 830 1136 908 Paleios⁶‚
1149 832 1395 910 elloeostrophos
1409 851 1483 896 esse

305 933 513 1001 contendunt,
540 929 614 1007 quia
638 929 775 990 iambica
792 929 992 1006 antistropha
1013 946 1032 989 a
1060 929 1208 1006 logaoedo
1228 927 1314 1009 (852)
1343 932 1482 993 exordiri

304 1031 417 1106 soleat,
434 1045 540 1107 neque
553 1043 764 1088 numerorum
778 1027 967 1104 pedumque
983 1027 1143 1088 discordia
1157 1027 1333 1106 legitimam
1347 1029 1482 1108 AEschy-

304 1129 429 1190 leorum
444 1126 648 1188 chorioorum
661 1131 763 1185 artem
776 1141 845 1202 praa
862 1141 898 1185 se
910 1124 996 1186 terre
1015 1125 1172 1186 videatur.
1190 1125 1314 1198 Quibus
1327 1143 1388 1203 ego
1402 1143 1479 1205 pro-

303 1226 390 1288 tinus
409 1224 577 1285 assentior.
600 1222 713 1301 ltaque
733 1222 841 1284 locum
862 1229 1021 1298 nostrum,
1043 1223 1173 1300 dempta
1193 1223 1395 1301 stropharum
1415 1224 1480 1285 dis·

304 1324 446 1402 paritate,
462 1321 669 1382 hemicboriis
684 1320 876 1381 tradendum
892 1337 964 1381 osse
979 1337 1045 1381 non
1059 1337 1189 1397 censeo,
1204 1338 1278 1399 qnae
1293 1321 1478 1383 Oberdickii

302 1421 411 1499 opinio
422 1426 471 1481 est
480 1418 506 1494 ⁷3
521 1435 627 1498 neque
642 1424 748 1479 cetera
763 1417 865 1478 Muffii
878 1418 1049 1480 sententiae
1064 1418 1222 1496 suffragor
1233 1416 1258 1489 ⁸,
1270 1419 1327 1497 qni
1340 1419 1477 1482 chorum

302 1520 487 1580 universum
503 1515 645 1592 adhibet,
662 1521 717 1577 aut
732 1516 906 1577 Wecklinii
919 1533 937 1576 a
953 1533 1018 1594 quo
1030 1517 1259 1577 choreutarum
1273 1516 1477 1594 singulorum

201 1689 203 1694 ¹
302 1615 496 1694 colloquium
512 1615 641 1692 fingitur
655 1615 678 1676 ⁹.
696 1615 736 1674 Hi
752 1614 839 1676 enirn
860 1614 1009 1691 trimetri,
1026 1613 1173 1692 quamvis
1189 1613 1386 1693 syllabarum
1404 1615 1474 1676 lon·

299 1731 415 1792 garum
429 1713 589 1776 solutione
602 1712 819 1774 accendantur
830 1717 862 1773 et
876 1712 1061 1788 incitentur,
1074 1717 1183 1773 tamen
1194 1710 1350 1773 nonnihil
1362 1711 1474 1789 tragici

300 1811 461 1872 sermonis
470 1811 620 1885 retinent,
634 1817 666 1871 et
678 1811 811 1870 fratrum
826 1809 936 1870 inferri
949 1825 1084 1887 corpora
1097 1809 1256 1870 nuntiant.
1274 1808 1353 1881 Quae
1366 1816 1473 1871 autem

298 1908 332 1969 in
346 1915 592 1986 soenaagantur
608 1907 798 1983 significare,
817 1913 853 1967 ut
872 1908 912 1968 de
931 1907 1021 1968 hisce
1040 1907 1188 1968 versibus
1204 1912 1329 1968 tantum
1347 1909 1472 1986 loquar,
1491 1943 1495 1950 ·

297 2005 470 2066 cantatoris
491 2005 586 2066 unius
605 2009 664 2077 est,
689 2004 814 2065 atinde
838 2005 935 2065 etiam
961 2004 1116 2081 probatur
1135 2006 1223 2082 quod
1246 2005 1396 2067 recitator
1418 2005 1474 2066 ille

299 2103 515 2164 trimetrorum
530 2102 626 2163 sociis
639 2101 777 2179 imperat
792 2102 1080 2179 complorationem
1099 2102 1216 2164 adoriri

536 2261 608 2322 ἀλλὰ
625 2260 703 2342 γόων,
720 2251 743 2321 ὦ
757 2261 845 2344 φίλαι,
858 2261 920 2322 κατ’
935 2253 1011 2343 οῧρον

537 2361 659 2442 ἐρέσσετ’
676 2357 746 2445 ἀμφὶ
762 2359 843 2442 κρατὶ
856 2363 998 2440 πόμπιμον
1012 2364 1106 2442 χεροῖν

536 2458 647 2518 πίτυλον
651 2500 754 2520 ........
770 2454 920 2538 (852-54).

296 2638 485 2716 Quanquam
513 2653 573 2713 ego
604 2637 779 2716 coryphaeo
808 2653 874 2697 non
903 2642 985 2709 utar,
1014 2652 1067 2709 ne,
1095 2612 1267 2714 postquam
1293 2652 1326 2696 v.
1353 2632 1471 2697 81860

295 2738 475 2798 secundum
495 2736 739 2814 paracatalogen
764 2734 1030 2807 dedamnaverit,
1051 2733 1159 2794 statim
1181 2739 1364 2811 anapaestos
1386 2734 1478 2795 inse·⁴

295 2841 432 2914 quentas
458 2832 529 2915 (860
537 2832 600 2913 13)
629 2834 765 2895 recitare
795 2838 938 2910 cogatur.
969 2832 1093 2909 ltaque,
1122 2830 1149 2891 si
1176 2831 1398 2909 reputabimus
1426 2831 1470 2892 ita

294 2933 443 2996 collocari
456 2932 655 2994 hemiohoria
670 2938 706 2992 ut
719 2932 837 2991 horum
854 2931 992 2991 alterurn
1011 2928 1041 3015 β’
1056 2929 1205 2991 dextrum
1220 2930 1351 3006 quidem
1366 2946 1468 2990 cornu

294 3037 442 3110 occupet,
465 3033 524 3093 sed
544 3030 584 3091 ad
606 3030 768 3091 sinistram
790 3044 984 3090 conversum
1008 3028 1061 3102 sit,
1084 3043 1149 3088 non
1172 3028 1255 3088 male
1279 3026 1379 3087 nostri
1405 3025 1467 3087 tri·

293 3130 387 3191 metri
409 3130 544 3207 hujusce
563 3127 753 3189 hemioborii
773 3126 910 3204 principi
930 3126 1125 3199 tribuentur,
1142 3130 1312 3203 parastatae
1331 3122 1466 3200 scilicet,

294 3228 349 3306 qui
374 3245 444 3288 eam
468 3226 639 3287 stationem
660 3230 759 3295 tenet,
781 3224 868 3285 unde
890 3224 968 3301 quid
992 3223 1025 3283 in
1047 3224 1184 3284 adverso
1206 3228 1336 3301 geratur
1358 3227 1391 3283 et
1412 3222 1468 3299 qui
1515 3251 1517 3256 ·

293 3324 526 3385 sinisteriorem
541 3329 666 3401 portam
681 3328 847 3383 transeant
860 3322 981 3399 optime
996 3320 1085 3382 cerni
1100 3320 1211 3398 possit.

334 3421 413 3481 Deni
428 3421 479 3481 isti
498 3423 607 3482 trimet
594 3421 635 3482 tri
650 3426 683 3481 et
697 3420 789 3482 denis
805 3418 1009 3497 anapaestiois
1028 3417 1195 3495 coryphaei
1215 3416 1360 3480 dimetria
1380 3415 1466 3496 (822-

293 3516 346 3595 31)
370 3519 578 3596 respondent‚
606 3523 638 3579 et
662 3517 753 3595 quasi
779 3517 912 3594 lyricam
936 3516 1095 3637 proodum
1117 3531 1245 3577 commo
1266 3511 1491 3591 praemissam

293 3615 447 3677 claudunt
460 3613 544 3695 (822-
545 3614 626 3696 860).

325 3812 346 3857 1.
365 3805 439 3854 AEclr.
455 3806 548 3869 1119,
564 3806 585 3864 1,
601 3819 626 3867 p.
642 3806 754 3855 188186

323 3880 346 3927 2.
363 3877 477 3939 Septem,
492 3876 534 3925 cd.
551 3877 610 3924 1861
622 3879 649 3924 et
664 3876 734 3925 1881

323 3951 347 3998 3.
364 3947 450 3997 AEcclt.
466 3948 557 4011 Τνα9.,
571 3945 641 4005 1886,
657 3960 682 4008 p.
698 3948 738 3995 98
740 3948 779 3995 99

322 4022 346 4069 1
365 4015 813 4080 11111.11118.,1883,11811991
831 4005 991 4077 8.,61116
1007 4010 1156 4063 1111111111...

323 4092 346 4138 8.
364 4089 416 4137 Der
431 4089 583 4151 chor...,p
600 4089 629 4137 21
645 4101 703 4152 sqq

322 4163 345 4209 6.
365 4159 507 4223 TbeTrop.
525 4162 567 4222 os.
583 4158 669 4209 AErclr.
674 4172 721 4220 ,.p
738 4159 794 4208 322.

320 4234 344 4280 i.
362 4229 474 4293 Septem,
491 4230 545 4289 ed„
558 4229 621 4280 adn.
637 4227 712 4279 adh.
728 4229 787 4279 Vss.

322 4304 345 4351 8.
362 4301 392 4349 t.
408 4315 486 4364 c.,p.
505 4302 534 4350 21
548 4314 607 4363 sqq.

322 4376 344 4423 9.
363 4370 451 4421 Flecte.
468 4370 572 4433 Jatrt,
586 4372 655 4431 1883,
672 4370 690 4419 1.
706 4386 727 4419 c.
