3284 5200
687 433 849 495 -99-

179 564 296 644 cuique
313 564 438 627 stoecho
456 566 655 629 mandantes
671 568 751 641 Quae
771 568 954 630 distributio
976 571 1140 648 inprimis
1161 591 1236 635 cum
1256 578 1352 639 solita

178 670 287 724 nostra
308 663 512 724 chorieorum
538 664 661 725 ratione
684 672 856 743 congruet,
878 666 952 727 dein
976 668 1016 728 ad
1040 669 1194 749 pleraque
1219 674 1351 751 huJusce

178 759 295 822 fabulae
317 762 474 838 tripartita
496 763 638 823 earmina
658 764 802 835 accedet,
819 770 851 825 et
871 770 937 826 tres
958 767 1080 845 FuriaS,
1096 776 1249 847 tanquam
1271 778 1351 834 stoe-

179 858 315 920 chorum
331 860 503 936 principes
519 877 587 937 prae
602 862 719 922 ceteris
734 862 869 922 eximias
885 862 919 923 in
932 863 1107 941 legitimam
1124 869 1235 929 sedem
1250 870 1352 948 digni·

178 962 343 1033 tatemque
361 963 490 1017 statuet.

220 1055 372 1132 Superest
387 1072 474 1115 nunc
490 1060 525 1116 ut
541 1042 687 1139 ἀφοδικὸν
705 1043 798 1138 μέλος
815 1054 1001 1137 (1033·47)1
1019 1060 1195 1137 expediam.
1214 1063 1259 1123 De
1273 1081 1349 1140 quo,

179 1159 213 1213 ut
225 1153 265 1213 de
280 1154 405 1229 ceteriS,
416 1153 507 1213 multi
525 1153 743 1214 diversissime
759 1155 879 1231 opinati
896 1157 1195 1219 sunt.Hermannus
1207 1159 1352 1221 0.Muei·

177 1250 281 1311 lerum
308 1235 599 1329 'Droyseniumque
636 1253 843 1328 reprehendit
881 1254 1180 1331 quodidinervam
1217 1259 1352 1336 eiusque

176 1365 342 1409 sacrorum
359 1348 575 1424 administras,
593 1350 725 1427 posthac
745 1351 946 1429 areopagitas
960 1358 993 1413 et
1008 1354 1151 1415 virorum
1166 1357 1352 1416 mulierum-

88 1450 89 1455 ’
174 1463 240 1524 que
265 1447 392 1507 turbam
421 1448 453 1507 in
479 1448 683 1508 orchestram
708 1449 881 1526 deducant,
905 1450 1032 1529 triaque
1052 1446 1351 1535 παραχορηγήματα

177 1543 404 1620 contrahant²;
426 1549 458 1605 et
478 1545 547 1622 ipse
569 1562 661 1607 suam
684 1546 870 1623 opinionem
890 1548 936 1607 sio
954 1550 1057 1626 aperit
1079 1566 1086 1611 :

218 1660 234 1700 u
254 1643 335 1702 Nam
353 1660 455 1719 quum
474 1643 637 1721 legitimus
657 1644 828 1705 Furiarum
850 1662 1007 1707 numerus
1027 1647 1069 1707 sit
1089 1646 1217 1729 illarum
1239 1649 1349 1722 trium,

179 1756 315 1817 quarum
340 1748 417 1801 nota
439 1747 516 1801 sunt
540 1742 680 1815 nomina,
707 1759 771 1802 non
801 1742 1013 1804 dubitandum
1035 1745 1172 1818 videtur,
1195 1746 1273 1824 quin
1299 1748 1351 1809 hae

177 1841 301 1898 tantum
323 1845 462 1898 sacratas
486 1839 580 1900 sedes
606 1840 790 1916 acceperint
814 1839 974 1919 cultaeque
996 1841 1060 1901 sint
1082 1842 1227 1906 Athenis,
1247 1846 1352 1923 Atque
1429 1921 1431 1925 Ι

176 1935 229 1995 vix
250 1936 426 2013 effugisset,
447 1938 555 2011 credo,
581 1938 756 2015 AEschylus
780 1938 953 2014 impietatis
976 1942 1224 2019 accusationem,
1245 1943 1271 2002 si
1294 1960 1351 2020 pro

176 2032 280 2094 tribus
292 2034 357 2112 iliis
373 2034 559 2112 quindecim
574 2036 750 2113 punitrices
760 2036 838 2095 deas
850 2036 948 2113 recipi
961 2038 1155 2099 fecissetlta
1167 2041 1360 2119 duodecim,

177 2136 212 2190 ut
236 2129 397 2192 deiunctae
422 2148 556 2193 munere
579 2149 638 2193 suo
663 2132 697 2191 in
720 2132 946 2210 persecutione
970 2134 1111 2212 Orestis,
1131 2136 1199 2213 J'am
1221 2139 1352 2198 mutatis

176 2228 320 2289 vestibus
348 2229 471 2289 interea
499 2230 576 2290 dum
605 2229 745 2291 Minerva
766 2248 796 2291 v.
821 2230 961 2291 975-985
982 2232 1159 2295 orationem
1183 2233 1292 2309 habet,
1315 2242 1352 2295 nt

177 2325 330 2387 mulieres
353 2328 569 2388 Athenienses
592 2328 738 2389 adhiberi
760 2333 920 2405 poterant.
946 2330 1050 2401 Quare
1074 2330 1101 2390 si
1123 2331 1349 2409 Areopagitae,

177 2430 213 2483 ut
227 2423 357 2502 quidam
373 2426 494 2499 volunt,
512 2442 648 2487 numero
664 2426 833 2487 duodecim
848 2425 990 2510 fuerunt,
1006 2428 1140 2489 totidem
1158 2428 1350 2491 habebimus

175 2518 341 2591 mulieres,
362 2522 532 2600 omnisque
551 2522 721 2583 comitatus
741 2540 779 2584 ex
799 2523 910 2600 viginti
930 2509 1083 2602 quattuor
1101 2525 1350 2587 Atheniensibus

176 2621 349 2696 constabit,
373 2622 492 2698 quibus
514 2623 683 2695 accedunt,
709 2639 784 2699 quae
806 2623 986 2683 certissime
1009 2641 1179 2701 perpaucae
1205 2625 1347 2700 suerunt,

176 2718 360 2778 sacerdotes
384 2718 466 2792 istae,
493 2719 544 2779 vel
573 2720 680 2797 potius
704 2719 860 2779 ministrae
887 2736 1063 2780 sacrorum.
1094 2721 1155 2782 Hic
1180 2723 1350 2782 comitatus

177 2831 307 2875 carmen
334 2814 486 2876 ultimum
516 2833 631 2877 canere
658 2817 799 2877 ereditur
823 2835 836 2874 1:
865 2834 930 2876 non
959 2825 1008 2878 est
1035 2824 1143 2878 tamen
1172 2822 1349 2897 putandum

177 2929 290 2973 omnes
318 2913 430 2990 viginti
457 2921 608 2991 quattuor
635 2930 766 2991 canere,
790 2915 848 2974 sed
877 2914 950 2974 illos
976 2921 1118 2991 tantum,
1139 2917 1194 2993 qui
1222 2918 1350 2994 proprie

176 3016 252 3071 sunt
271 3011 448 3089 choreutae,
466 3012 527 3073 hoc
547 3019 595 3073 est
614 3011 786 3073 duodecim
803 3029 950 3087 numero,
967 3029 1106 3091 quorum
1125 3014 1256 3074 dimidia
1276 3031 1349 3090 pars

176 3123 234 3186 pro
249 3109 337 3181 viriS,
355 3109 454 3170 altera
474 3127 531 3187 pro
551 3109 742 3170 mulieribus
758 3110 853 3171 canit.
870 3110 951 3170 Nam
972 3107 1102 3170 carmen
1119 3110 1224 3187 ipsum
1245 3111 1349 3171 hemi·
1373 3173 1376 3178 ,

176 3206 285 3266 choria
309 3207 414 3283 prodit
429 3207 449 3266 ³.
479 3230 493 3261 »
517 3207 629 3284 Itaque
657 3207 806 3285 strophas
835 3207 1117 3287 antistrophasque
1146 3208 1350 3280 Hermannus

176 3303 273 3381 priori
301 3305 511 3376 hemichorio,
538 3306 630 3366 alteri
654 3312 762 3366 autem
783 3306 957 3383 ephymnia
976 3307 1072 3367 tradit
1087 3305 1108 3366 ⁸.
1130 3305 1348 3384 Hartungius¹⁵

175 3398 1346 3486 syzygiasnpouopnoic,versumcontraintercalaremareopagitisposcit.

174 3499 394 3581 Westphaiius
420 3504 494 3562 hina
518 3502 724 3580 stropharum
752 3502 840 3579 paria
867 3502 907 3562 ad
942 3491 1155 3584 προπομποὺς,
1177 3504 1348 3579 ephymnia

176 3598 216 3658 ad
231 3597 444 3660 Eumenidum
457 3601 590 3661 chorum
605 3601 707 3661 defert
718 3599 739 3660 ⁰.
758 3602 824 3677 Ego
839 3617 916 3660 vero
932 3618 972 3660 ex
985 3601 1063 3678 ipsis
1076 3601 1226 3661 Minervae
1241 3602 1348 3662 verbis

176 3695 267 3756 facile
286 3713 414 3775 pompae
434 3699 581 3758 ordinem
601 3699 716 3776 conjici
737 3707 825 3775 puto.
840 3697 933 3775 Nam,
949 3715 1023 3759 cum
1043 3699 1075 3757 in
1093 3715 1131 3758 eo
1150 3706 1226 3759 sunt
1242 3699 1346 3760 Furiae

176 3798 212 3853 ut
235 3801 412 3854 extremam
437 3796 672 3872 antistropham
691 3802 806 3856 canant
827 3797 1089 3874 orchestramque
1111 3796 1345 3874 derelinquant,

208 4047 229 4090 i.
248 4043 400 4102 Wssrrnnr,
413 4042 517 4102 Prot...,
534 4057 559 4102 p.
576 4044 614 4092 19.

204 4115 226 4162 2.
242 4113 278 4162 De
294 4128 322 4162 rc
335 4127 436 4174 accam,
452 4128 476 4176 p.
491 4116 528 4162 13.

205 4186 228 4232 3.
247 4183 356 4232 Ibidem.

204 4257 227 4304 t.
242 4253 330 4303 AEscb.
346 4255 433 4317 Eum„
448 4270 473 4316 p.
490 4256 545 4303 125.

204 4327 227 4374 5.
242 4324 329 4374 AEscb.
345 4327 432 4389 Toup,
449 4326 592 4374 1853-1855.

203 4399 226 4444 6.
242 4396 396 4458 Wssrermn,
412 4397 513 4460 Prol...,
530 4411 556 4458 p.
575 4399 613 4444 23.
