3284 5200
810 406 976 471 .-66-

307 574 309 577 -
347 540 426 613 Quaa
445 555 521 601 cum
539 538 584 601 ita
599 538 674 614 sint,
692 540 820 602 nonita
839 542 948 620 magni
965 540 1085 603 laboris
1104 544 1154 602 est
1167 540 1313 618 priorem
1328 541 1480 605 carminis

308 638 409 699 nostri
427 642 551 715 partem
571 636 776 701 distribuere.
798 640 975 717 Postquam
995 638 1082 701 enim
1099 637 1313 700 Cassandram
1335 639 1480 717 Clytem-

308 740 415 800 nestra
435 733 655 813 nequicquam
676 735 903 823 heriliatecta
925 738 1008 799 inire
1029 737 1136 815 iussit,
1156 742 1414 798 consentaneum
1435 742 1485 798 est

220 820 225 832 ’
306 832 552 905 aristerostatas,
565 839 601 894 ut
611 834 732 912 primas
747 841 895 897 tenentes
909 834 1142 914 praecipuoque
1153 834 1271 896 decore
1284 820 1483 912 honestatos,

305 930 428 1009 xreginae
441 931 533 1009 quasi
547 932 653 993 socios
667 932 834 1004 accedere,
846 938 880 994 et
893 950 969 1012 quae
983 933 1039 993 illa
1053 932 1271 1009 imperaverit,
1283 933 1397 993 eadem
1407 941 1485 1010 quo·

307 1045 371 1107 quc
391 1029 528 1090 suadere
546 1035 579 1090 et
594 1030 725 1092 hortari.
747 1030 854 1109 Atque
873 1043 912 1092 eo
932 1030 1077 1091 veritatis
1096 1030 1239 1107 speciem
1256 1046 1378 1109 sequor
1397 1032 1484 1109 quod

308 1126 453 1188 distichis
477 1126 631 1189 trimetris
652 1127 720 1189 bini
741 1128 906 1191 terniones
929 1128 1202 1189 intermiscentur.
1223 1127 1355 1189 Primus
1374 1134 1482 1189 autem

235 1250 238 1255 ·
306 1224 409 1287 ternio
438 1223 597 1304 (lunt-49)
623 1226 664 1285 ad
688 1232 871 1303 parastaten
898 1226 1076 1302 deleretur;
1106 1232 1273 1287 extremus
1301 1230 1413 1287 eontra
1439 1227 1481 1288 ad

303 1321 528 1399 coryphaeum,
543 1322 695 1400 quoniam
714 1329 747 1384 et
766 1340 804 1385 ea
823 1324 901 1385 dicit
914 1340 988 1403 quae
1009 1325 1050 1385 ad
1065 1324 1154 1385 chori
1168 1324 1324 1385 vicarium
1341 1324 1480 1385 attinent

469 1506 522 1588 ἐγὼ
536 1509 706 1593 δ’ἒποικτίρω
721 1508 786 1592 γὰρ,
802 1511 834 1571 οὐ
847 1507 1008 1590 θυμώσομαι
1023 1502 1140 1590 (1069),
1189 1576 1192 1580 7

308 1707 340 1765 et
362 1703 547 1765 Cassandrae
572 1705 661 1765 solus
682 1704 846 1767 silentium
864 1704 996 1768 vincere
1016 1706 1113 1766 valet.
1133 1703 1256 1766 Deinde
1279 1704 1484 1783 insequentia

307 1806 459 1879 quattuor
478 1801 659 1864 iamborum
682 1802 770 1879 paria
790 1801 947 1883 (tort-89)
968 1820 1033 1864 non
1055 1803 1217 1865 immerito
1236 1801 1374 1880 singulis
1392 1810 1481 1881 quat·

307 1904 382 1959 tuor
403 1899 588 1959 laurostatis
611 1899 846 1977 relinquentur,
863 1900 930 1978 qui,
949 1907 1101 1979 tanquam
1121 1900 1300 1962 mediocres
1319 1900 1483 1977 mediique

307 2001 440 2069 stantes,
456 1996 515 2057 has
530 1996 736 2057 sustinebunt
749 1996 870 2059 chorici
884 2003 992 2075 partes
1006 1997 1062 2058 ubi
1084 1997 1228 2059 nondum
1243 1997 1353 2059 divino
1368 1998 1482 2075 spiritu

308 2099 391 2155 tacta
403 2109 496 2154 serva
510 2094 691 2169 Apollinem
703 2099 829 2155 tantum
841 2094 941 2156 flebili
953 2111 1034 2156 voce
1049 2102 1165 2173 quater
1175 2095 1335 2173 implorat.
1349 2096 1412 2157 Sed
1426 2096 1481 2157 ubi

306 2192 340 2252 in
349 2190 496 2252 fatidicos
505 2190 630 2253 furores
641 2192 855 2253 exardescens
864 2193 1029 2270 praeterita
1039 2192 1179 2254 facinora
1192 2198 1360 2266 memorat,
1373 2193 1481 2271 proxi-

308 2305 393 2349 mam
407 2289 553 2366 conJugis
565 2289 799 2367 jugulationem
812 2290 1023 2367 praenuntiat,
1034 2290 1274 2368 ancipitemque
1287 2291 1422 2351 chorum
1437 2291 1478 2353 de

307 2386 536 2463 praedictorum
557 2386 746 2465 ambagibus
769 2389 895 2464 praebet
916 2386 1130 2468 (1090-1113),
1150 2388 1204 2448 hic
1221 2393 1378 2465 quaterna
1391 2388 1479 2450 disti-

306 2484 366 2547 cha
380 2501 445 2545 non
460 2485 544 2545 male
558 2486 722 2562 quaternis
738 2502 869 2564 quoque
889 2486 992 2548 dextri
1013 2486 1135 2548 ordinis
1154 2485 1288 2546 senibus
1305 2486 1476 2548 dabuntur.

345 2582 488 2646 Alteram
502 2599 578 2644 vero
594 2583 709 2645 cantici
722 2590 846 2662 partem
863 2582 1022 2665 (llll-77)
1039 2584 1228 2646 melicorum
1240 2582 1480 2662 pulchritudine

303 2686 339 2742 et
359 2687 560 2742 cantatorum
581 2683 780 2744 ordinatione
802 2689 959 2760 praestare
979 2681 1101 2744 nemini
1123 2683 1241 2743 mirum
1260 2683 1312 2744 sit.
1333 2684 1480 2763 Namque

301 2785 407 2841 ternae
423 2779 561 2858 syzygiae
573 2786 606 2840 et
619 2797 638 2841 a
653 2781 830 2858 praemissis
844 2780 953 2858 lyricis
967 2788 1000 2841 et
1014 2781 1099 2841 inter
1112 2798 1148 2842 se
1167 2781 1211 2841 ita
1225 2780 1389 2842 absimiles
1404 2789 1481 2844 sunt

306 2881 342 2938 ut
366 2882 477 2939 ternos
504 2894 633 2956 quoque
660 2879 844 2939 canentium
872 2879 1003 2940 ordines
1028 2879 1206 2956 deposcere
1234 2879 1414 2941 videantur.
1441 2880 1480 2940 In

303 2974 408 3053 prima
423 2971 579 3055 (llll-35)
597 2975 740 3053 pingitur
759 2992 851 3037 sacro
871 2975 979 3037 alssatu
999 2976 1199 3037 inflammata
1218 2977 1407 3052 Cassandra,
1424 2978 1480 3039 ubi

296 3065 368 3150 ¹jam
383 3073 560 3150 perspicuis
572 3073 676 3134 oculis
690 3073 789 3150 regiae
808 3073 947 3150 parietes
961 3074 1053 3152 qnasi
1067 3073 1205 3146 transiit,
1222 3081 1354 3137 cantum
1370 3075 1479 3136 Furia·

305 3187 377 3231 rum
398 3170 627 3249 triumphalem
650 3171 861 3249 praesagienS,
880 3171 1029 3250 taurique
1052 3171 1086 3231 in
1105 3170 1221 3232 balneo
1237 3171 1375 3250 jugulati
1395 3173 1479 3235 inte·

305 3267 402 3329 ritum
424 3268 633 3345 prospiciam,
655 3268 731 3329 dum
749 3268 874 3330 interea
893 3269 1011 3330 chorus
1035 3285 1187 3346 pavorem
1213 3269 1364 3347 concipit,
1382 3277 1480 3349 atque

302 3365 393 3425 dolet
409 3365 496 3442 quod
515 3382 580 3426 non
599 3367 664 3442 J'arn
687 3366 824 3427 obscura
844 3367 928 3427 mala
946 3366 1044 3444 regiis
1060 3367 1186 3428 aedibus
1205 3367 1425 3429 intendantur.
1442 3368 1480 3432 In

304 3462 404 3523 altera
418 3463 545 3540 syzygia
558 3461 720 3544 (trau-55)
735 3464 925 3525 muliercula
939 3464 1109 3525 funebrem
1123 3467 1174 3524 sui
1186 3465 1378 3526 cantilenam
1390 3482 1480 3527 exor-

203 3625 207 3632 .
305 3567 404 3638 ditur,
420 3585 581 3646 senesque
594 3568 751 3631 mirantur
766 3571 854 3648 quod
867 3570 938 3648 ipsa
952 3570 1070 3632 enthea
1084 3570 1166 3631 lacta
1177 3571 1243 3647 iam
1257 3561 1353 3654 νόμον
1364 3560 1480 3655 ἄνομον

304 3664 470 3742 praecinat,
478 3671 511 3728 et
520 3665 669 3728 horrores
679 3667 840 3745 suscipiat,
850 3667 941 3746 quasi
953 3668 1090 3744 proximi
1101 3667 1253 3729 interitus
1262 3675 1476 3745 tentamenta;

305 3763 422 3824 deinde
440 3763 474 3823 in
493 3763 668 3826 novissima
690 3765 852 3826 ominatur
872 3765 1051 3826 Cassandra
1070 3782 1142 3826 sese
1163 3781 1236 3826 mox
1256 3767 1341 3844 apud
1359 3765 1479 3828 inferos

304 3861 559 3935 vaticinaturam,
572 3879 732 3940 suumque
743 3879 894 3924 occasum
906 3863 1009 3940 Troiae
1020 3862 1144 3924 excidio
1155 3864 1362 3926 accedentem
1372 3864 1477 3942 luget3

306 3977 467 4039 senesque
473 3958 541 4039 Jam
553 3977 619 4024 non
629 3961 780 4038 ambigua
791 3961 985 4040 disquirunt,
998 3961 1057 4022 sed
1069 3968 1250 4040 agnoscunt
1259 3963 1292 4022 iu
1304 3961 1479 4024 femineum

306 4066 419 4137 pectus
433 4059 545 4121 mortis
559 4058 693 4136 auguria
709 4044 896 4137 inimicique
911 4059 961 4120 dei
980 4059 1138 4137 impetum
1152 4060 1317 4137 irrupisse.

307 4152 310 4158 '
346 4157 451 4228 Quare
465 4155 660 4236 tripartitum
670 4173 801 4218 carmen
812 4157 854 4218 ad
865 4162 975 4218 ternos
990 4173 1119 4235 quoque
1133 4155 1226 4219 chori
1242 4157 1372 4220 ordines
1383 4174 1477 4235 spec-

305 4254 394 4314 tabit.
418 4254 497 4316 Gum
516 4261 625 4319 autem
647 4254 759 4315 ultima
777 4254 914 4315 iambica
938 4254 1076 4315 disticha
1098 4271 1117 4316 a
1140 4255 1328 4316 dexiostatis
1355 4261 1480 4317 cantata

304 4351 379 4428 sint,
392 4352 545 4415 credibile
559 4358 609 4415 ast
624 4369 736 4418 rursus
753 4358 884 4413 cantum
902 4352 1118 4429 aprotostatis
1132 4360 1276 4431 coeptum
1291 4370 1363 4416 esse
1375 4354 1479 4416 donec

1628 1309 1630 1328 l

1628 1829 1630 1840 ι

1628 1845 1630 1859 Ι

1628 1867 1629 1878 t
