3284 5200
799 433 899 496 ..710
920 468 960 479 ..

263 598 267 607 ·
291 570 591 651 roge,ooryphaeus,
604 574 640 631 ut
651 585 709 648 par
719 576 779 647 est,
791 569 919 631 initium
935 565 1181 629 consultationis
1191 566 1285 628 faciet
1294 565 1468 648 (134641),

294 670 447 749 idemque
461 668 636 733 sententias
651 667 805 729 trimetris
821 682 991 745 expressas
1007 664 1222 727 duodecimus
1237 663 1309 741 ipse
1323 666 1363 726 de
1378 678 1471 728 more

294 767 434 847 colliget.
775 791 780 803 ·
919 808 922 812 «

334 866 374 928 V.
395 862 573 927 13994410
590 862 668 943 quin
687 849 729 923 ad
747 862 958 941 coryphaeum
977 861 1172 940 pertineant,
1192 877 1298 939 sporo,
1313 877 1377 922 non
1398 860 1469 923 dis·

293 962 472 1042 putabitur,
486 962 567 1024 adeo
589 961 622 1021 in
645 960 748 1022 oculis
766 960 908 1038 positum
923 967 974 1023 est
989 959 1121 1037 gravius
1136 958 1349 1037 asperiusque
1369 974 1470 1037 quam

290 1077 352 1139 pro
371 1061 486 1139 quovis
505 1075 583 1121 sene
597 1057 761 1137 objurgari
780 1057 1061 1136 clytemnestram.
1079 1056 1229 1118 Ceterum
1251 1056 1385 1124 trimetri
1400 1071 1469 1120 non

294 1158 385 1220 chori
397 1157 539 1219 universi
558 1156 580 1231 ¹,
605 1156 663 1217 sed
683 1156 849 1217 choreutae
874 1156 971 1217 unius
994 1161 1080 1221 sunt.
1098 1160 1210 1232 utpote
1231 1154 1271 1214 ad
1293 1154 1468 1216 dictionem

294 1272 360 1317 non
372 1262 483 1319 autem
498 1254 538 1315 ad
553 1259 683 1315 cantum
698 1254 942 1315 accommodati.
995 1248 999 1255 '
1134 1295 1136 1300 -

289 1378 290 1385 ¹
333 1354 403 1415 Jam
431 1352 657 1414 dochmiacum
684 1350 890 1429 stropharum
920 1367 977 1429 par
1002 1348 1159 1429 (141741,
1187 1348 1351 1429 tato-30),
1378 1352 1467 1429 quod

294 1456 447 1530 tanquam
471 1449 665 1528 procamium
691 1449 863 1527 subjuncto
884 1448 985 1527 lyrico
1005 1449 1150 1510 diverbio
1174 1449 1378 1526 praemissum
1402 1456 1465 1522 est,

294 1564 401 1627 neque
414 1547 586 1626 coryphaeo
600 1546 624 1619 ²,
639 1564 746 1625 neque
759 1553 930 1625 parastatae
943 1545 955 1585 ³
969 1547 1175 1608 concedetur.
1187 1548 1359 1626 Nunquam
1374 1547 1467 1609 chori

294 1647 370 1720 dux,
391 1652 427 1708 ut
444 1646 530 1708 idem
550 1646 730 1723 decantem,
751 1661 810 1723 per
830 1662 867 1707 se
885 1645 947 1705 nisi
966 1652 1148 1722 anapaestos
1166 1646 1278 1706 recitat
1293 1650 1349 1705 aut
1368 1644 1466 1717 canit,

295 1750 327 1807 et
345 1761 457 1806 secum
478 1744 558 1805 illud
577 1748 700 1823 pugnat
719 1759 796 1805 eum
816 1742 1015 1804 dochmiaois
1028 1742 1190 1804 furoribus
1208 1759 1295 1804 nuno
1309 1743 1468 1804 intumes-

294 1859 368 1904 cere
386 1842 454 1921 qui,
468 1841 563 1903 sicuti
584 1842 716 1918 planum
730 1840 798 1913 fiet,
811 1841 878 1918 iam
899 1840 933 1902 in
958 1857 997 1902 oo
1019 1840 1061 1901 sit
1082 1841 1176 1902 ulad
1196 1841 1467 1917 anapaesticorum

294 1955 504 2002 numerorum
519 1938 687 1999 malaciam
702 1938 832 2000 residat.
847 1938 1026 2000 Parastates
1040 1944 1198 2015 praeterea
1211 1938 1252 1999 ad
1267 1939 1466 2015 duplicatum

294 2053 378 2099 onus
389 2036 574 2099 subendam
589 2054 654 2097 non
669 2035 747 2096 satis
760 2034 938 2114 firmassit,
956 2042 989 2097 et
1002 2036 1196 2098 inconcinne
1207 2037 1369 2098 exoriatur
1382 2054 1467 2099 com-

295 2152 379 2213 mus,
405 2135 432 2196 si
456 2134 497 2195 ab
518 2134 649 2195 alterius
672 2132 860 2194 hemiehorii
882 2133 1027 2212 principe
1051 2135 1202 2212 praelusio
1227 2140 1380 2196 tentetur.
1402 2136 1467 2197 Sed

272 2272 276 2279 ·
294 2231 505 2309 hemiohoria,
520 2232 554 2292 id
569 2238 619 2294 est
632 2230 817 2294 canentium
833 2232 1002 2309 paritatem
1018 2232 1166 2309 probabit
1179 2248 1290 2293 rerum
1304 2235 1464 2311 cognatio,

293 2330 453 2409 siquidem
474 2330 563 2391 furor
582 2346 621 2390 cx
639 2330 730 2390 caede
748 2336 925 2409 conceptus
943 2329 1045 2410 (1411)
1066 2336 1115 2391 est
1133 2330 1226 2408 quasi
1244 2332 1343 2392 animi
1361 2333 1464 2411 impo-

294 2436 394 2498 tentia
412 2436 576 2497 mortifero
593 2436 709 2512 poculo
726 2435 834 2497 inlusa
854 2435 1069 2516 (14074410),
1091 2442 1123 2499 et
1142 2424 1292 2501 ἀπόπολις
1310 2425 1407 2495 δ’ἔσει
1421 2468 1467 2481 -

298 2535 387 2625 μῖσος
402 2528 530 2625 ὄθριμον
545 2529 647 2598 ἀστῶν
666 2540 825 2623 (1410-11)
841 2542 927 2605 idem
945 2544 1012 2606 fere
1031 2544 1101 2605 vult
1119 2560 1216 2622 quam
1231 2532 1349 2602 ἆτὶετον
1370 2535 1465 2603 ἔτισε

294 2640 361 2732 χρὴ
378 2640 565 2732 στερομέναν
580 2636 681 2732 φίλων
699 2678 744 2690 -
759 2638 871 2733 τύμμα
888 2639 1031 2734 τύμματι
1043 2646 1147 2711 τεῖσαι
1162 2652 1337 2734 (1419-30).

334 2747 428 2808 Nunc
446 2747 548 2825 ipsius
569 2748 689 2810 commi
711 2754 789 2826 quot
814 2748 983 2825 scripturae
1006 2756 1054 2811 tot
1077 2768 1171 2829 paene
1187 2751 1326 2814 choricae
1345 2753 1466 2814 enoda-

294 2844 399 2906 tiones
413 2845 447 2905 in
462 2851 612 2923 promptu
628 2851 714 2907 sunt.
733 2846 887 2907 Permulti
901 2848 1101 2923 conjecturas
1115 2849 1309 2926 conjecturis
1324 2851 1467 2912 cumula·

294 2948 411 3004 verunt
422 2943 445 3021 1,
457 2960 548 3020 quas,
561 2950 596 3004 ut
606 2943 824 3005 molestissimi
834 2945 874 3005 sit
885 2944 1004 3005 laboris
1015 2945 1210 3018 meminisse,
1221 2948 1278 3018 ita,
1291 2948 1318 3009 si
1329 2949 1464 3025 recolas,

296 3041 398 3118 caligo
422 3039 607 3101 offundatur
628 3041 752 3102 animis.
775 3042 888 3119 ltaque
911 3043 1187 3119 praetermittenda
1209 3045 1270 3106 ista
1288 3053 1378 3124 puto,
1399 3052 1465 3107 sta-

295 3137 418 3216 timque
435 3139 497 3201 looi
513 3139 613 3200 nostri
633 3139 876 3200 emendationes
896 3141 1076 3218 adgredior.
1092 3142 1297 3205 Hermannus
1316 3145 1466 3222 quaedam

295 3242 369 3312 post
388 3252 420 3296 v.
440 3235 520 3298 1458
541 3236 695 3298 excidisse
712 3243 811 3311 ratus,
836 3237 968 3299 iterem
988 3239 1153 3315 digerebat
1173 3241 1264 3318 quasi
1283 3259 1313 3301 v.
1332 3241 1463 3304 1455411

296 3333 438 3410 stropha,
463 3332 594 3393 1537-50
612 3334 811 3412 antistropha
829 3342 946 3396 essent.
970 3337 1071 3409 Quam
1091 3337 1291 3411 divisionem,
1312 3357 1331 3399 a
1350 3340 1465 3402 Wcilio

296 3446 425 3508 quoque
442 3431 603 3492 laudatam
614 3430 636 3508 ⁵,
650 3432 722 3493 ideo
735 3432 940 3510 rejiciendam
955 3435 1068 3512 opinor
1082 3435 1169 3513 quod
1183 3436 1354 3516 AEschylea
1367 3439 1466 3500 verba

295 3533 399 3600 vexat,
416 3533 448 3588 et
463 3528 624 3604 strophioa
638 3527 678 3590 ab
694 3529 934 3607 antistrophiois
946 3532 1045 3594 nimio
1065 3533 1232 3607 intervallo
1252 3535 1420 3613 disjungit,
1433 3544 1466 3599 et

295 3625 480 3687 canentium
500 3627 756 3705 responsionem,
777 3627 988 3706 interjacente
1004 3630 1100 3692 etiam
1118 3631 1248 3711 majoris
1267 3633 1433 3711 ephymnii
1452 3632 1465 3669 1

327 3831 349 3878 1.
366 3829 409 3880 Sic
423 3830 494 3882 enim
509 3835 600 3882 censat
617 3832 817 3883 lleimsoethius
834 3834 953 3896 (Beitr...,
967 3849 991 3897 p.
1007 3835 1041 3899 9).

328 3903 351 3950 1.
369 3901 514 3962 wamma,
527 3903 629 3965 Apum„
644 3902 698 3964 ed,
715 3917 740 3966 p.
758 3907 812 3963 123,
828 3906 890 3955 adn.

327 3975 350 4021 3.
365 3972 492 4033 Antronas,
505 3974 556 4022 Der
570 3973 638 4022 Cher·
651 3973 678 4024 d.
693 3975 798 4039 Apum,
813 3989 839 4038 p.
852 3976 936 4026 11-18.

327 4046 350 4092 4.
366 4042 426 4093 Vid.
445 4043 473 4092 G.
490 4045 621 4102 linantur,
639 4044 677 4094 De
698 4060 726 4095 re
746 4047 856 4108 scenica,
873 4062 898 4110 p.
918 4050 1002 4110 11-15,
1020 4054 1045 4099 et
1059 4049 1144 4099 AEsch.
1162 4051 1248 4114 Τναμ,
1263 4051 1297 4111 ll,
1320 4065 1346 4114 p.
1363 4051 1421 4113 4863
1435 4077 1466 4087 -

295 4116 325 4164 0.
344 4115 460 4172 Miiman,
475 4115 562 4176 Eum,
579 4131 605 4178 p.
619 4115 663 4177 783
679 4144 711 4152 -
731 4119 928 4180 dorononiam
952 4120 1062 4182 Char...,
1083 4136 1110 4186 p.
1125 4123 1154 4171 15
1174 4135 1248 4186 sqq.;
1264 4150 1295 4159 -
1314 4123 1465 4180 warrenna,

296 4185 367 4306 fret.
384 4184 548 4308 ταῖᾆῢεμὶέἐ,
563 4201 590 4251 p.
609 4189 652 4249 l83
666 4215 697 4224 —
710 4189 778 4238 J.·ll.
796 4188 914 4251 Scumur,
926 4191 973 4240 Die
984 4191 1078 4254 Eur...,
1092 4194 1169 4255 prta
1182 4207 1241 4258 sqq.
1251 4209 1258 4254 ;
1267 4221 1297 4230 —
1306 4195 1465 4255 Bruaaaaen,

307 4269 413 4317 ·.c.,p.-
460 4269 474 4305 e
532 4295 538 4306 .
818 4280 821 4287 ·

325 4330 349 4377 5.
362 4327 466 4390 Apum„
482 4328 524 4376 cd.
540 4330 599 4378 1858
614 4333 641 4380 el
655 4331 725 4381 1881.
784 4353 786 4357 v

325 4400 391 4450 6.·11.
406 4399 713 4460 imbalsamata-152⁰.
788 4437 792 4445 .

1621 491 1624 640 i

1623 701 1624 792 t

1620 827 1626 960 i
