3284 5200
698 454 859 517 „w-

191 591 413 665 aeternamque
427 588 534 666 legem
547 594 781 667 memoratque
794 588 937 649 vicissim
949 588 1072 649 scelera
1084 585 1277 663 scelestique
1290 600 1364 646 sese

191 684 364 761 excipiunt.
399 686 478 757 Quae
498 686 682 763 disparitas
710 686 955 763 trigeminorum
985 685 1189 748 olloricorum
1222 673 1365 763 speciem

192 784 424 862 materiamque
444 785 605 861 declarat,
621 790 654 846 et
673 801 748 845 cum
770 784 953 845 animorum
973 782 1187 861 repugnantia
1206 778 1366 843 consentit

191 897 265 959 quae
281 898 320 941 ex
334 882 566 944 deliberatione
581 882 693 960 patuit.
711 883 817 954 Quare
832 882 921 953 nulla
935 897 1049 944 caussa
1062 886 1112 943 est
1132 896 1190 942 cur
1207 896 1226 939 a
1241 878 1365 940 ratione

192 994 263 1039 mea
287 985 320 1040 et
339 979 380 1041 ab
401 980 503 1057 ipsius
525 979 696 1041 Wecklinii
719 980 867 1041 docmina
890 980 1071 1052 discedam,
1094 978 1233 1054 triplicia
1255 976 1365 1037 haecce

191 1076 306 1136 melica
333 1080 434 1147 ternis
459 1078 554 1139 etiam
576 1071 665 1139 chori
691 1076 859 1139 ordinibus
883 1094 954 1139 esse
977 1076 1195 1139 concedenda.
1226 1073 1364 1152 Ephpm·

192 1174 318 1234 nicrum
342 1192 472 1253 quoque
495 1176 627 1237 alteram
651 1181 788 1254 partem,
817 1191 876 1253 pro
902 1175 1047 1255 AEscbyli
1073 1172 1308 1236 consuetudine
1332 1176 1365 1231 et

193 1287 267 1332 meo
279 1272 435 1343 instituto,
453 1272 617 1335 choreutis
632 1274 791 1335 universis
804 1274 982 1334 committo.

233 1368 296 1429 Sed
311 1370 343 1439 in
356 1372 528 1448 anapaestis
542 1371 710 1449 paululum
728 1370 894 1431 immorari
913 1370 1018 1432 liceat.
1034 1369 1118 1432 Ante
1133 1368 1241 1429 omnia
1249 1382 1365 1428 vereor

192 1482 234 1527 ne
246 1466 510 1529 molestissimum
525 1476 587 1530 eta
603 1486 639 1530 re
654 1469 778 1530 musica
797 1468 1029 1529 alienissimum
1047 1467 1113 1544 liat,
1129 1466 1157 1526 si
1172 1464 1364 1544 coryphaeus

193 1564 297 1625 sexies
316 1565 404 1626 velut
427 1566 517 1628 chori
537 1566 698 1646 princeps,
721 1571 753 1627 et
770 1566 821 1628 bis
841 1566 937 1627 etiam
956 1572 1109 1643 tanquam
1130 1563 1226 1641 primi
1244 1562 1365 1624 ordinis

191 1662 355 1739 choraula,
376 1680 492 1730 canere
512 1671 656 1743 cogatur.
679 1665 737 1726 Sin
757 1671 867 1727 autem
887 1664 975 1728 illius
993 1662 1082 1725 chori
1101 1678 1272 1742 personam
1293 1668 1366 1739 agat

192 1759 247 1838 qui
262 1760 302 1821 ab
319 1760 421 1822 initiis
440 1762 666 1824 exclamaverit

352 1918 403 1991 φεῖ
416 1911 454 1979 τίς
468 1911 499 1972 ἄν
503 1958 562 1975 .....
581 1915 665 1991 μόλοι
678 1920 724 1973 τὸν
738 1912 782 1973 ἀεὶ
797 1909 917 1997 φέρουσ’
932 1914 960 1972 ἐν
974 1915 1045 1992 ἡμῖν

349 2010 432 2092 Μοῖρ’
446 2012 595 2073 ἀτέλευτον
609 2009 742 2073 ὕπνον...
763 2010 937 2091 (iffi-51),

192 2171 248 2246 qul
262 2169 378 2247 poterit
391 2170 498 2231 denuo
512 2170 629 2231 iisdem
643 2170 711 2231 lere
725 2170 833 2231 verbis
850 2171 889 2231 ad
903 2168 1160 2247 desperationem
1171 2166 1273 2245 redigi

351 2318 907 2403 mmmmbmmmffiwt

193 2480 306 2565 Nonne
321 2480 418 2542 etiam
433 2481 465 2541 in
478 2481 607 2543 duobus
619 2482 708 2543 hisce
723 2481 804 2543 locis

319 2619 322 2627 ¹
351 2637 442 2693 κεῖσαι
457 2633 606 2714 δ’ἇράχνης
620 2636 647 2693 ἐν
663 2632 801 2715 ὑφάσματι
817 2633 884 2714 τῷδ’
900 2632 1005 2713 (1516)

192 2771 224 2828 et

351 2871 413 2955 πρὶν
426 2873 501 2933 τόνδ’
517 2875 619 2933 ἐπιδεῖν
633 2874 834 2958 ἀργυροτοίχου

289 3047 293 3056 ἱ
352 2970 456 3053 δροίτης
470 2973 625 3051 κατέχοντα
641 2970 783 3053 χαμεῦνην
797 2967 965 3050 (1538·39),
999 3047 1002 3052 .

191 3129 296 3192 simile
311 3129 465 3206 quiddam
478 3136 581 3201 sonat,
593 3137 630 3191 ut
645 3130 961 3212 assuevitAEschylo,
973 3128 1029 3190 ubi
1044 3129 1158 3190 eadem
1171 3128 1365 3205 tragicorum

190 3228 475 3305 temporum'ratio
494 3235 673 3304 permanet,
693 3229 850 3305 imagines
871 3233 997 3289 tantum
1019 3227 1225 3306 picturasque
1243 3242 1363 3298 rerum,

192 3331 287 3402 prout
300 3342 449 3402 personae
470 3331 646 3398 mutantur,
663 3325 855 3387 immutaret
870 3327 1037 3388 Postremo
1052 3341 1160 3387 nonne
1174 3325 1235 3385 tria
1248 3324 1365 3403 hyper·

192 3435 294 3493 metra
313 3423 489 3510 perlegenti
510 3431 652 3493 elucebit
670 3432 710 3492 ab
733 3419 770 3487 ἰὼ
792 3439 825 3493 et
841 3432 881 3493 ab
898 3431 1125 3493 inclamatione
1143 3431 1253 3494 omnia
1271 3448 1364 3492 exor-

192 3529 263 3602 diri,
280 3529 428 3607 bancque
449 3525 601 3590 orationis
616 3529 860 3591 similitudinem
875 3546 943 3606 prae
959 3546 994 3591 ee
1012 3528 1097 3590 ferre
1115 3531 1201 3590 unde
1220 3530 1363 3608 ejusdem

192 3625 374 3704 argumenti
395 3627 592 3704 perpetuitas
607 3627 703 3687 simul
718 3633 816 3706 atque
831 3643 1043 3704 personarum
1058 3627 1226 3688 diversitas
1240 3627 1365 3689 soleant

192 3723 386 3801 significarit
403 3723 536 3800 Deinde,
554 3741 629 3785 cum
645 3724 892 3803 ephymniorum
912 3725 1118 3803 hypermetra
1132 3725 1173 3785 ob
1188 3724 1291 3802 ipsam
1305 3724 1366 3785 rei-

191 3822 383 3883 terationem
406 3822 498 3899 quasi
522 3821 753 3899 antistropbica
778 3829 968 3900 appareant,
991 3821 1054 3882 boc
1082 3838 1121 3883 eo
1148 3820 1300 3882 valetne
1327 3838 1365 3883 ea

192 3919 364 3997 corypbaeo
382 3920 594 3992 vindicemus,
617 3920 709 3996 quus
730 3925 780 3981 est
803 3920 836 3980 in
861 3920 996 3981 commis
1015 3918 1025 3952 ¹
1045 3925 1077 3980 et
1098 3920 1132 3978 in
1150 3918 1365 3997 episodiorum

192 4015 256 4076 tine
279 4022 334 4076 aut
363 4017 529 4097 principiis
555 4034 619 4079 non
643 4017 704 4077 nisi
728 4018 911 4095 astropbica
934 4023 1108 4095 systemata
1130 4017 1276 4079 recitare.
1301 4017 1365 4078 Has

191 4111 288 4189 igitur
307 4113 511 4190 antitheticas
527 4121 765 4192 anapaestorum
783 4114 1148 4201 periodosstoeoborum
1168 4113 1366 4192 principibus

192 4225 373 4287 exposcam.
405 4212 524 4273 Cantus
551 4228 570 4272 a
602 4212 789 4274 dexiostatis
816 4213 963 4291 incipiet,
981 4212 1095 4292 ‘primo
1122 4211 1296 4290 epbymnio
1324 4212 1364 4272 ad
1423 4285 1425 4288 Ι

112 4385 120 4398 ’
224 4402 988 4474 mmmmmwmmmmmmm2
