3284 5200
681 446 841 510 ..g-1..

213 580 284 643 iam
303 599 378 661 quaa
392 581 432 644 ab
455 582 650 661 experrectis
668 582 772 645 Furiis
792 588 952 644 canuntur
965 580 1209 661 (MS-'lliaegre
1222 590 1344 661 s'upp‘e—

103 690 107 697 ·
174 678 332 757 ditatque
356 680 480 741 ratione
500 679 663 741 enucleaii
688 679 823 759 possint,
845 680 962 758 vixque
984 679 1183 757 inquisitioni
1202 697 1285 743 meae
1304 698 1343 743 ex

172 776 308 837 aliorum
324 777 519 854 conjectu-ris
525 778 651 856 aliquot
665 778 795 855 igniculi
810 778 1049 839 adhibebuntur
1059 778 1080 838 ¹.
1094 778 1243 855 Plerique
1256 779 1345 839 enim

172 874 273 935 critici
289 876 401 936 eadem
414 875 483 936 ieie
502 881 647 951 peccant,
666 876 927 955 quandoquidem
947 874 1082 935 chorum
1101 892 1140 935 ex
1159 876 1346 953 quindecim·

172 972 318 1047 personis
339 972 492 1049 colligunt
509 972 532 1045 ²,
553 973 635 1033 etin
659 973 869 1033 secernendis
890 972 1022 1032 totidem
1045 972 1156 1035 cantici
1180 973 1343 1049 particulis

171 1070 304 1131 haerent.
324 1070 385 1132 Sed
403 1070 551 1131 Muelleri
568 1071 747 1148 praesertim
768 1070 961 1131 sententiam
981 1078 1096 1146 stupeo
1112 1070 1179 1147 qui,
1196 1070 1342 1148 quamvis

173 1166 306 1244 trilogiae
335 1168 452 1245 tabulae
483 1184 589 1228 rerum
616 1159 817 1229 choricarum
847 1167 1057 1227 similitudine
1082 1175 1114 1228 et
1137 1166 1342 1243 simplicitate

170 1270 350 1341 teneantur,
367 1272 399 1325 et
417 1266 514 1326 iidem
534 1265 699 1327 choreutae
719 1264 933 1325 Eumenidum
949 1266 1060 1333 Furias
1079 1266 1342 1341 Agamemnonis-

170 1361 234 1439 que
261 1379 357 1423 senes
387 1363 521 1441 egerint,
553 1369 661 1423 tamen
689 1363 857 1423 duodenos
883 1368 1007 1422 tanturn
1039 1362 1072 1422 in
1100 1363 1352 1439 Agamemnone-

107 1517 108 1520 ,
170 1459 300 1537 reperit,
329 1461 362 1520 in
391 1461 625 1543 Eumenidibus
648 1468 755 1521 autem
781 1461 962 1537 quindenos
981 1467 1165 1537 congregat.
1191 1461 1344 1540 Ceterum

169 1556 362 1617 Blomfretdii
378 1559 388 1593 ³
403 1557 640 1636 Hartungiique
654 1558 666 1591 ⁸
680 1558 899 1634 conjecturam
919 1574 1048 1635 respue,
1069 1558 1203 1618 chorum
1220 1558 1341 1619 scilicet

169 1670 235 1719 non
251 1654 315 1715 nisi
329 1672 367 1715 ex
382 1655 485 1716 tribus
500 1664 649 1717 constare
663 1656 781 1732 Furiis,
796 1656 948 1733 quoniam
961 1656 1002 1716 de
1014 1655 1156 1731 legitimo
1169 1655 1342 1715 choreuta·

168 1753 241 1812 rum
251 1769 385 1814 numero
396 1758 563 1831 tantopere
578 1752 833 1815 decisumiuisse
843 1770 1001 1830 nusquam
1012 1754 1165 1813 memoria
1175 1752 1342 1829 proditum

167 1856 228 1923 est,
247 1858 280 1911 et
293 1844 479 1929 ceteroquin
497 1852 558 1913 ista
577 1851 761 1913 canentium
777 1851 1027 1928 salmntiumque
1046 1852 1190 1927 paucitas
1204 1851 1339 1912 Orestiae

167 1949 396 2009 cohaerentiam
414 1949 633 2027 abrumperet,
651 1956 684 2011 et
704 1949 737 2011 in
757 1948 933 2010 orchestrae
949 1948 1109 2009 vacuitate
1127 1948 1339 2026 inelegantius

164 2044 258 2111 foret.
284 2046 457 2107 Duodenos
484 2047 583 2125 igitur
601 2055 633 2109 et
660 2048 693 2107 in
719 2047 952 2108 Eumenidibus
973 2046 1132 2108 exstitisse
1156 2054 1342 2109 cantatores

166 2160 294 2220 cense0,
312 2150 347 2205 ut
362 2162 460 2221 supra
473 2162 538 2205 non
553 2143 655 2205 semel
668 2144 865 2221 disputatum
875 2152 924 2205 est
939 2150 971 2205 et
985 2162 1024 2205 cx
1038 2151 1157 2205 nostrae
1171 2145 1339 2222 tragoediae

165 2242 385 2319 exploratione
397 2259 511 2304 rursus
525 2243 558 2302 in
571 2260 601 2303 v.
611 2241 759 2303 ‘585-608
771 2243 929 2319 liquidum
941 2242 1010 2303 erit.
1340 2297 1343 2306 .

206 2340 269 2407 Sed
291 2357 332 2405 ne
346 2340 541 2401 uiolatorum
564 2340 766 2423 religionum·
779 2340 901 2401 crimen
922 2340 1123 2416 susciperet,
1149 2357 1230 2400 neve
1256 2340 1335 2401 anti-

165 2438 273 2515 quitus
303 2438 433 2499 insitam
464 2439 585 2515 populo
613 2438 912 2516 spectatoribusque
944 2439 991 2516 de
1011 2437 1116 2500 Furiis
1149 2438 1334 2515 opinionem

165 2534 342 2598 offenderet
359 2537 532 2616 AEschylus
551 2536 795 2615 diligentissime
815 2536 985 2615 praecavit3
1000 2536 1341 2615 vituperationemque

194 2785 404 2834 l.'llermaunus
417 2783 532 2854 (Opaca,
546 2788 565 2833 t.
577 2783 609 2845 ll,
621 2798 647 2846 p.
660 2787 715 2846 136,
725 2788 751 2834 et
766 2787 785 2833 t.
796 2785 826 2844 V,
840 2798 865 2846 p.
879 2785 939 2844 3533
953 2811 985 2818 -
999 2782 1031 2832 ci.
1046 2782 1131 2832 AEscb.
1146 2785 1230 2847 Trap,
1246 2782 1333 2843 1215-

162 2857 217 2919 811)
232 2856 324 2905 mobili
345 2854 487 2918 disciplina
502 2855 599 2916 utitur;
618 2855 664 2906 sed
683 2855 854 2917 potissimum
871 2865 905 2904 v.
918 2856 1022 2905 tlt-tra
1037 2854 1189 2918 coryphaeo,
1204 2867 1229 2902 v.
1246 2854 1291 2903 113
1306 2858 1332 2903 et

162 2927 260 2976 145116
273 2926 391 2976 secundo
406 2926 551 2987 choreutae,
568 2941 594 2976 v.
611 2928 655 2976 119
670 2931 698 2976 et
714 2927 815 2975 151-152
830 2930 916 2986 sexto,
929 2925 1069 2988 interiecta
1082 2929 1174 2974 autem
1189 2925 1334 2988 etreliqua
1380 2970 1382 2972 ,

161 2998 257 3048 ceteris
282 2997 377 3047 ordine
402 2997 539 3046 choraulis
561 2997 720 3060 quindecies
739 2996 845 3045 tribuit.
863 2997 892 3046 Ο.
913 2997 1056 3045 Muellerus
1080 2996 1164 3058 (Eum.
1184 2999 1331 3054 comment,

161 3081 186 3128 p.
205 3069 244 3130 85)
262 3069 376 3130 primam
393 3069 529 3131 syzygiam
544 3069 617 3117 senis
636 3069 761 3132 personis
780 3067 882 3116 viritim
899 3067 1069 3125 canentibus
1082 3081 1141 3129 quae
1157 3080 1220 3116 vero
1239 3079 1331 3128 super·

160 3141 224 3188 sunt
240 3144 300 3192 octo
318 3139 408 3188 Furiis
425 3138 463 3188 ita
478 3138 609 3188 adscribit
624 3144 652 3188 ut
667 3139 737 3188 binae
752 3138 881 3200 deinceps
894 3139 976 3187 verba
991 3137 1097 3199 iaciant,
1108 3141 1135 3187 et
1146 3137 1180 3187 ad
1196 3150 1330 3187 summam

159 3209 364 3272 quattuordenae
392 3210 467 3260 liant.
484 3209 655 3259 Wellauerus
674 3209 770 3272 (AEsch.
790 3210 878 3273 Trcp„
895 3210 966 3272 1827)
980 3223 997 3257 a
1010 3222 1034 3255 v.
1053 3210 1099 3258 113
1113 3207 1329 3271 quattuordecim

159 3293 267 3343 quoque
283 3285 417 3330 commata
438 3279 538 3329 caduca
558 3280 683 3329 doctrina
702 3280 797 3330 ductus
818 3279 979 3329 inconcinne
997 3279 1104 3341 digerit.
1121 3279 1268 3328 Passowius
1283 3277 1330 3341 (Dc

158 3351 243 3413 primo
257 3349 335 3398 Etim.
350 3349 436 3399 AEaclr.
453 3352 524 3400 cont.
539 3353 686 3410 comment,
700 3365 726 3410 p.
743 3354 754 3400 1
771 3365 831 3415 sqq.
848 3379 879 3386 -
896 3349 1008 3413 Catclog
1025 3349 1071 3398 der
1091 3349 1265 3413 Vorlcsunpcn
1281 3347 1329 3397 der

159 3420 297 3469 Bresioucr
313 3421 479 3479 Uniceraitdt,
493 3423 561 3483 1830)
575 3426 668 3471 contra
683 3421 822 3472 abeodem
835 3425 905 3471 meta
918 3422 1055 3486 profectus
1070 3421 1225 3484 quindecim
1241 3424 1329 3482 partes

158 3492 291 3542 incertum
306 3493 467 3543 licentiusne
482 3507 515 3542 an
531 3492 652 3556 iniquius
668 3493 790 3543 definiat.
801 3493 990 3543 Lachmannus
1000 3492 1127 3556 (Dcchor.
1140 3494 1214 3556 agri„
1229 3507 1255 3555 p.
1271 3492 1327 3555 136)

159 3563 272 3614 chorum
293 3563 357 3614 κατὰ
377 3563 438 3628 ζυγὰ
457 3564 619 3614 instructum
641 3564 804 3626 processisse
826 3565 962 3626 opinatur,
977 3563 1025 3613 sed
1043 3577 1166 3626 quaenam
1186 3563 1220 3614 ad
1242 3576 1327 3612 unum

157 3634 286 3698 quodque
303 3635 445 3695 attineant,
461 3639 588 3697 tanquam
607 3635 780 3697 perarduum,
795 3637 958 3684 intentatum
977 3635 1115 3696 relinquit.
1131 3634 1266 3684 Albertius
1279 3634 1327 3697 (Dc

157 3704 245 3754 AEach.
256 3703 333 3754 choro
344 3704 480 3768 Suppi.,p.
492 3705 575 3769 15-16)
588 3709 717 3768 quattuor
730 3720 838 3770 quoque
852 3705 961 3755 ordines
976 3709 1208 3765 numerat‚verum
1223 3705 1256 3754 de
1270 3705 1326 3754 sin·

145 3776 284 3836 autorum
299 3790 409 3826 munere
427 3780 507 3826 tacet.
523 3778 718 3839 Bambergerus
731 3776 760 3838 (1.
776 3791 808 3838 c.,
819 3791 847 3840 p.
860 3777 939 3839 1811)
949 3776 1085 3826 sexdecim
1099 3778 1254 3825 canentium
1269 3788 1336 3838 por·-

160 3847 293 3896 tiunculas
309 3846 453 3908 dignoscit.
470 3847 654 3911 Westphalius
669 3847 782 3911 (Proh,
793 3861 818 3909 p.
833 3847 888 3910 181)
902 3848 1069 3910 syzygiarum
1086 3845 1109 3896 α’
1122 3849 1150 3895 et
1165 3847 1187 3910 β’
1202 3847 1326 3908 strophas

156 3915 190 3966 ad
208 3917 291 3980 primi
311 3916 481 3977 bemichorii,
498 3917 682 3981 antistropbas
699 3918 824 3968 adulteri
843 3917 1000 3981 principem,
1020 3919 1168 3966 extremam
1185 3919 1272 3965 autem
1290 3915 1325 3964 ad

156 3991 242 4036 toturn
261 3988 373 4038 chorum
389 3988 484 4038 defert.
498 3989 664 4038 Maeonelius
676 3989 722 4051 (De
732 3989 835 4054 paredo
845 3989 921 4037 Eum.
931 3987 1029 4050 AEscla,
1041 4002 1066 4049 p.
1078 3989 1175 4051 24-26),
1190 3986 1332 4037 Kirchhoi·-

156 4058 208 4108 ssus
229 4058 437 4122 (AEsch.,Trcp.,
466 4060 536 4122 1881))
561 4064 589 4109 et
609 4060 778 4111 Wecklinius
801 4050 890 4122 (isca.
918 4059 972 4120 Oa,
997 4059 1065 4122 1888)
1090 4071 1144 4108 non
1170 4058 1284 4107 multum
1310 4070 1326 4106 a

154 4129 323 4192 Westphalio
338 4131 440 4180 distant
451 4130 504 4180 nisi
519 4131 591 4194 quod
606 4131 692 4180 solida
705 4131 872 4182 bemichoria
886 4130 1000 4180 ducibus
1014 4131 1187 4180 antehabeut.

183 4202 208 4251 8.
222 4201 552 4264 transsumentem.
568 4200 601 4252 de
615 4202 692 4252 choro
706 4203 791 4264 Eum,
809 4203 912 4266 opusc,
927 4203 961 4263 ll,
976 4215 1000 4264 p.
1015 4202 1060 4250 130
1075 4214 1138 4263 sqq.
1148 4217 1156 4261 ;
1168 4227 1199 4237 -
1212 4200 1323 4259 Bosora,

156 4271 236 4322 Grac.
251 4275 322 4336 trag.
337 4273 433 4336 princ,
449 4287 475 4335 p.
491 4275 531 4335 51,
546 4276 590 4333 63;
605 4303 637 4312 -
650 4275 824 4336 Urbananoer,
837 4274 872 4322 Dc
889 4273 967 4324 choro
984 4276 1054 4338 trop.
1072 4272 1164 4333 Grac,
1177 4287 1203 4336 p.
1216 4273 1256 4331 24,
1272 4276 1323 4321 etc.

184 4343 208 4392 3.
223 4343 308 4401 Pera,
322 4346 393 4405 1851,
408 4345 493 4408 praei,
510 4359 536 4410 p.
551 4360 604 4396 xxr.

184 4416 208 4464 4.
223 4414 310 4464 AEacit.
328 4416 417 4480 Trap,
433 4416 577 4468 teta-tuta.
