3284 5200
791 422 952 487 ...22-

284 560 372 640 poris
390 560 429 621 ad
446 575 600 638 zygorum
622 565 754 622 cantum
772 557 1102 620 accommodaveram.
1118 557 1253 619 Valeant
1270 558 1342 622 istae
1361 576 1456 622 vanae

284 658 443 736 imagines
456 656 675 736 legitimaeque
690 656 860 735 scripturae
874 655 1087 733 conturbatio,
1102 672 1167 734 quo
1186 656 1311 718 facilius
1324 657 1411 720 inter
1423 675 1461 722 se

285 756 325 818 ad
346 755 500 817 amussim
527 755 600 818 kola
623 755 817 833 anapaestica
840 754 1071 831 respondeant!
1094 753 1167 815 Non
1191 770 1230 815 ea
1254 761 1303 816 est
1320 755 1459 818 istorum

285 860 496 935 systematum
518 855 599 916 ratio
623 869 698 932 quae
719 859 795 931 apta
818 851 1051 931 compositione
1071 851 1226 930 distingui
1250 853 1362 931 possit,
1383 871 1459 916 curn

285 962 477 1040 plerumque
491 961 642 1023 liberiore
656 950 808 1044 auraqslq
819 959 885 1021 sint
898 958 1080 1037 conjuncta,
1097 965 1129 1022 et
1143 951 1222 1015 κατὰ
1234 950 1461 1042 περιορισμοὺς

286 1056 411 1132 ἀνίσους
426 1069 607 1131 decurrant.
624 1069 742 1130 Verum
753 1054 1006 1147 ἀπολελυμένους
1020 1065 1085 1128 labi
1102 1083 1189 1128 nunc
1204 1067 1353 1129 uberiore
1372 1085 1459 1130 nunc

285 1167 473 1245 maligniora
497 1166 610 1244 spiritu
634 1165 791 1244 impulsos
813 1170 996 1242 anapaestos
1017 1169 1283 1239 consentaneum,
1307 1171 1340 1227 et
1361 1166 1459 1227 variis

179 1281 181 1285 ·
286 1264 481 1326 anfractibus
493 1263 663 1342 implicari,
674 1269 772 1341 prout
783 1279 847 1339 ree,
858 1262 1028 1325 sententiae
1039 1268 1181 1340 poscant.
1194 1261 1348 1340 Repulsis
1361 1264 1460 1342 igitur

285 1363 417 1426 stoechis
432 1368 464 1424 et
477 1362 576 1440 zygis,
592 1377 731 1440 quorum
750 1377 840 1422 mera
859 1360 1014 1422 inutilitas
1032 1367 1163 1439 propter
1178 1361 1458 1439 hypermetrorum

284 1461 537 1542 inaequalitatem
561 1461 712 1538 occurrit,
737 1460 947 1539 coryphaeum
971 1475 1181 1536 usurpemus,
1209 1459 1293 1520 sicut
1312 1460 1459 1521 nonnulli

284 1558 477 1638 interpretes
491 1557 700 1638 subjecerunt
712 1555 735 1632 ¹,
750 1563 782 1622 et
796 1558 967 1618 Persarum
983 1557 1130 1634 exemplo
1145 1556 1331 1633 coniectura
1349 1557 1458 1618 firma·

284 1661 349 1734 tur,
367 1663 399 1719 et
417 1656 470 1719 vel
489 1675 528 1718 ex
546 1673 700 1718 versuum
720 1654 917 1718 lectiuncula
935 1654 1088 1733 suppetit.
1104 1654 1152 1715 Ita
1165 1653 1310 1715 cohaeret
1328 1671 1459 1716 carmen

284 1761 433 1817 nostrum
449 1761 487 1816 ut
505 1754 622 1817 mutari
640 1753 805 1816 recitantis
823 1769 997 1832 personam
1017 1751 1255 1830 ineptissimum
1274 1751 1326 1813 sit.
1348 1753 1459 1814 Eidem

286 1853 373 1914 enim
394 1869 469 1931 quae
488 1868 644 1931 quorsum
663 1851 853 1912 advenerint
872 1849 1033 1911 Danaides
1052 1848 1168 1910 dixerit
1188 1847 1285 1929 (tlt)
1310 1866 1459 1912 enarrare

286 1950 435 2012 convenit
451 1966 515 2026 quo
535 1949 618 2010 duce
636 1949 737 2009 maria
754 1946 1066 2026 transnavigaverint
1084 1945 1214 2026 (la-19).
1232 1947 1387 2025 Reliquos
1399 1965 1458 2009 au-

284 2053 351 2109 tem
375 2047 531 2108 dimetros
550 2043 662 2126 (ao-to)
690 2054 722 2106 et
743 2045 911 2124 particulis
930 2049 963 2106 et
987 2061 1156 2106 sensorum
1182 2045 1403 2106 commissuris
1428 2052 1461 2108 et

284 2143 356 2224 ipsa
370 2146 544 2206 verborum
563 2149 726 2205 structura
740 2143 834 2221 quasi
849 2143 937 2204 calce
950 2142 1035 2203 inter
1049 2159 1086 2205 se
1099 2143 1143 2203 ita
1158 2143 1371 2221 conglutinari
1387 2143 1460 2221 quis

285 2243 426 2322 negabit,
440 2249 477 2320 ut
492 2259 558 2304 non
573 2241 635 2302 nisi
652 2241 796 2319 corporis
811 2240 989 2317 dilapsione
1003 2240 1150 2302 membra
1167 2239 1301 2301 distrahi
1316 2239 1456 2318 queant?

286 2341 391 2413 Quare
418 2339 603 2401 canentium
631 2338 801 2401 diversitas
827 2339 1038 2416 repudianda,
1061 2329 1292 2416 coryphaeique
1314 2339 1458 2399 recitatio

286 2438 454 2512 servanda,
475 2437 551 2514 quia
569 2437 603 2497 in
621 2436 856 2498 declamitando
876 2435 1070 2513 anapaestico
1088 2436 1222 2513 prologo
1244 2451 1361 2497 vocum
1382 2453 1458 2497 con-

286 2551 401 2598 sensus
416 2541 449 2598 et
462 2534 595 2596 auribus
610 2534 816 2612 injucundior
834 2533 875 2594 sit
891 2539 924 2595 et
938 2551 957 2594 a
976 2533 1211 2595 consuetudine
1228 2532 1456 2594 alienissimus.

327 2635 479 2712 Sequitur
496 2634 661 2695 choricum
678 2630 820 2713 (tl-175)
837 2632 925 2711 quod
941 2632 1173 2694 sententiarum
1189 2637 1221 2692 et
1233 2632 1457 2710 rhythmorum

285 2738 399 2793 natura
421 2732 556 2811 ipsaque
576 2732 710 2793 metrica
727 2731 848 2792 fabrica
864 2731 899 2791 in
917 2730 999 2792 duas
1018 2735 1126 2809 partes
1141 2729 1285 2809 (tl-1103
1306 2728 1458 2810 tlt-175)

286 2829 535 2892 describendum
564 2846 636 2891 esse
665 2828 848 2907 significant
869 2827 893 2889 ².
924 2828 1016 2889 Prior
1042 2828 1173 2905 quidem
1200 2827 1287 2889 inter
1314 2826 1459 2906 dactylos

285 2928 517 3007 logaoedosque
539 2928 656 2990 leniter
676 2926 821 2988 dilabens
842 2941 924 3004 quos
942 2926 977 2987 lo
996 2925 1122 2986 labores
1146 2924 1329 2987 errabunda
1346 2924 1458 2987 tulerit

285 3032 403 3105 narrat,
419 3025 631 3105 conjugisque
650 3024 738 3087 Jovis
756 3024 933 3086 involutam
954 3029 1096 3085 mentem
1116 3022 1283 3100 describit,
1302 3024 1343 3084 ad
1361 3039 1458 3102 quem

287 3123 435 3187 velutad
453 3125 562 3203 stirpis
579 3140 648 3185 suae
668 3129 833 3185 auctorem
852 3121 994 3201 virgines
1009 3121 1207 3199 confugiunt,
1224 3128 1459 3200 venturamque

285 3220 319 3284 in
335 3239 449 3301 procos
469 3238 599 3300 poenam
620 3221 774 3282 divinitus
793 3220 966 3298 irrogatam
986 3219 1162 3282 confidunt.
1180 3218 1273 3292 Quod
1287 3235 1417 3280 carmen
1430 3218 1458 3279 si

286 3320 359 3399 quis
381 3327 412 3381 et
433 3320 569 3381 strictim
588 3319 714 3397 legerit,
730 3335 796 3381 non
816 3318 919 3396 fugiet
941 3318 1032 3397 apice
1051 3318 1216 3397 lyriceque
1236 3317 1458 3396 potiusquam

286 3417 460 3479 dramatice
476 3418 695 3495 conscriptum
709 3416 820 3478 fuisse.
833 3418 982 3495 Namque
994 3421 1027 3475 et
1037 3415 1202 3493 praeterita
1213 3421 1372 3476 memorat
1383 3431 1457 3493 quae

286 3514 451 3593 aptissime
472 3516 511 3576 ad
534 3515 689 3576 fabulosae
711 3514 910 3593 antiquitatis
934 3512 1104 3589 miracula,
1127 3511 1259 3590 longius
1284 3517 1394 3573 autern
1416 3512 1457 3573 ad

199 3603 201 3610 ’
286 3629 356 3675 rem
375 3612 530 3690 tragicam
549 3612 722 3691 pertinent,
735 3618 767 3674 et
781 3612 814 3672 in
834 3610 1082 3673 narratiunculis
1100 3614 1156 3671 aut
1174 3608 1458 3686 descriptiunculis

286 3717 442 3773 moratur.
462 3711 575 3790 Neque
597 3711 716 3772 mirum
735 3711 849 3772 ludere
869 3714 998 3788 poetam
1017 3708 1050 3767 in
1072 3706 1196 3768 melicae
1215 3705 1319 3783 copiae
1341 3721 1459 3783 pompa

288 3809 485 3889 explicanda,
505 3808 766 3889 quandoquidem
784 3808 837 3868 vix
854 3806 962 3867 fabula
978 3811 1083 3883 coepta
1102 3804 1143 3865 sit
1161 3803 1224 3882 agi,
1241 3802 1322 3864 etin
1338 3807 1457 3864 terram

287 3923 427 3985 egressae
441 3906 585 3985 fugitivae
600 3923 666 3968 non
685 3906 766 3967 nihil
785 3906 819 3966 in
838 3904 1030 3982 Argivorum
1049 3892 1166 3982 opibus
1182 3901 1350 3979 tutelaque
1363 3916 1456 3979 repo-

286 4012 375 4067 nant.
397 4006 504 4067 Prima
518 4005 647 4066 tandem
666 4002 881 4083 tranquillitas
898 4002 1003 4076 datur,
1022 3999 1130 4063 omnia
1148 3999 1245 4079 plena
1263 4000 1352 4077 pacis
1370 4003 1456 4076 sunt,

288 4107 332 4182 et,
346 4102 531 4181 compositis
543 4102 753 4180 remissisque
773 4101 869 4180 paulo
885 4100 1068 4178 timoribuS,
1084 4098 1225 4178 spatium
1239 4098 1343 4160 estad
1357 4098 1458 4160 eden·

319 4263 343 4311 1.
358 4261 418 4311 Vid.
438 4260 581 4324 Tranium,
597 4259 616 4310 l.
634 4274 667 4322 c.,
683 4274 708 4323 p.
728 4260 782 4323 153,
802 4258 830 4309 in
849 4259 930 4321 adn.;
943 4286 975 4298 -
990 4258 1138 4320 Wncmmt,
1158 4256 1242 4308 treet.
1260 4255 1364 4319 Jahrb,
1384 4256 1455 4317 1883,

288 4332 329 4381 13“
343 4331 425 4395 Supp.
441 4332 479 4392 b..
496 4332 561 4382 Uber
574 4332 600 4381 d.
618 4330 770 4382 lectiam...

319 4404 343 4452 2.
358 4402 395 4453 Gt.
408 4402 525 4465 Atcnnrr,
541 4403 577 4451 De
592 4400 681 4452 AEsch.
700 4401 779 4451 choro
794 4400 958 4465 Supplicem,
973 4415 999 4463 p.
1016 4402 1054 4451 la.
