3284 5200
699 475 842 536 ...3.-

206 677 208 680 ,
227 607 266 666 In
279 606 459 685 AEschyleis
471 607 676 686 poti-ssimum
685 610 853 688 tragoediis
865 627 917 673 res
928 610 1056 673 videtur
1067 615 1238 688 propterea
1249 608 1358 672 imma·

188 703 239 766 nis
264 703 364 766 fuisse
385 705 564 767 molimenti
592 707 680 786 quod
708 708 849 770 choricae
877 708 1055 770 saltationis
1082 708 1163 769 ratio
1190 708 1360 786 multiplex

188 807 266 864 crat.
282 802 378 864 Nulla
396 805 482 880 apud
496 811 643 866 nostrum
657 805 863 884 reperiuntur
874 808 995 868 melica
1012 805 1144 884 (praeter
1160 805 1310 883 quaedam
1324 806 1362 866 in

188 899 381 962 Prometheo
397 901 609 982 brevissima),
622 892 697 982 qum
706 904 748 964 ad
760 904 897 982 triplicis
909 904 1133 965 tantummodo
1143 903 1268 977 formae,
1280 908 1362 965 stre

189 997 274 1076 phae,
295 999 507 1076 antistrophae
525 1000 648 1062 scilicet
665 1008 699 1063 et
719 1002 826 1080 epodi,
848 1003 1011 1079 exemplar
1030 1001 1179 1061 sinitote
1199 1001 1362 1080 descripta

190 1083 298 1178 (μέλος
314 1088 391 1150 κατὰ
406 1084 545 1177 aptata).
568 1096 630 1158 Sed
653 1097 740 1158 binae
764 1115 893 1175 semper
911 1097 1036 1159 similes
1055 1097 1198 1174 strophae
1216 1097 1300 1158 inter
1322 1115 1359 1160 se

189 1194 301 1256 ordine
317 1195 517 1270 colligantur,
530 1201 563 1256 et
577 1197 832 1274 unumquodque
847 1213 905 1273 par
916 1201 1031 1256 natura
1043 1201 1076 1257 et
1090 1195 1197 1271 specie
1212 1212 1270 1255 sua
1283 1195 1365 1256 insi-f

185 1290 310 1368 guitur,
327 1292 371 1353 ita
386 1298 421 1353 ut
433 1293 542 1354 omnia
557 1293 724 1354 dissimilia
738 1293 813 1365 sint,
826 1293 915 1354 velut
928 1293 961 1352 in
976 1292 1227 1370 Agamemnonis
1239 1293 1359 1370 parodo

191 1386 233 1468 (v.
249 1387 401 1469 tol-257)
415 1388 436 1460 ¹,
453 1390 508 1451 ubi
529 1397 655 1466 septem
670 1396 845 1468 systemata
859 1391 1086 1452 continuantur
1101 1389 1313 1466 amplitudine
1327 1394 1360 1451 et

189 1493 367 1547 metrorum
380 1486 566 1564 disparitate
580 1487 664 1549 inter
678 1505 713 1548 se
728 1487 955 1565 discrepantia.
971 1489 1010 1548 Et
1024 1487 1135 1548 multae
1151 1503 1260 1564 operae
1274 1503 1359 1565 prae-

189 1589 278 1644 terea
292 1584 481 1644 saltatorum
496 1601 615 1645 munus
629 1586 680 1645 vel
695 1584 772 1646 inde
785 1584 884 1646 fiebat
903 1585 978 1663 quia
991 1601 1061 1645 rem
1073 1585 1213 1663 *lyricam
1231 1581 1361 1662 egregie

189 1681 362 1759 AEschylus
374 1683 457 1741 solet
469 1681 678 1758 distinguere,
689 1687 721 1742 et
735 1699 852 1742 sensus
863 1682 1110 1760 animorumque
1125 1689 1232 1743 motus
1243 1682 1278 1742 in
1295 1698 1360 1743 uno
1437 1693 1442 1702 *

190 1778 371 1856 eodemque
399 1778 528 1839 chorico
552 1779 649 1854 vulgo
675 1784 850 1840 mutantur.
874 1779 1013 1840 Moerore
1034 1779 1121 1840 enim
1144 1780 1260 1856 gaudia
1287 1785 1358 1840 tru-

191 1875 322 1947 duntur,
333 1881 455 1935 temere
469 1876 565 1936 etiam
578 1874 697 1936 fiducia
711 1876 940 1954 afflictatioque
955 1877 1216 1951 commiscentur,
1227 1877 1307 1938 adeo
1323 1883 1358 1938 ut

192 1988 257 2034 non
277 1972 382 2056 exigui
401 1972 520 2033 laboris
539 1973 580 2034 sit
600 1991 658 2050 per
676 1980 960 2052 vocemgestum,
981 1974 1243 2050 ambulationem,
1261 1975 1360 2035 totius

192 2071 336 2146 corporis
369 2069 514 2130 habitum
546 2070 608 2131 ista
636 2071 854 2132 diversissima
881 2071 1011 2133 efferre.
1044 2071 1181 2132 Stasima
1208 2072 1360 2149 deinceps

163 2168 165 2174 “
193 2167 317 2245 singula
338 2169 631 2248 proprioquodam
657 2175 761 2230 metro
785 2176 931 2231 utuntur.
954 2169 1108 2246 Rhythmi
1137 2169 1274 2246 insuper.
1296 2178 1364 2229 non¹

192 2270 305 2326 natura
328 2265 459 2340 quidem
478 2282 591 2326 verum
613 2267 760 2328 alacritas
780 2267 814 2326 in
834 2267 949 2328 eodem
971 2265 1113 2327 carmine
1129 2265 1284 2342 flectuum
1303 2267 1359 2329 ubi

191 2361 323 2438 insuper
334 2363 462 2423 numeri
477 2363 573 2423 simili
589 2365 685 2424 modo
698 2370 921 2440 temperantur
936 2370 969 2424 et
982 2380 1047 2423 uno
1065 2363 1188 2440 impetu
1201 2363 1357 2434 defluunt,

191 2459 238 2522 ibi
252 2476 382 2539 quoque
394 2459 526 2521 metrica
541 2459 691 2522 materies
702 2457 790 2542 τονῇ,
809 2463 978 2539 longarum
990 2461 1187 2539 syllabarum
1201 2460 1361 2522 solutione
1464 2462 1466 2465 ’

190 2563 224 2620 et
238 2559 375 2636 pedibus
388 2545 514 2639 ἀλόγοις
530 2558 731 2638 frequentius
740 2559 891 2620 variatur.
900 2559 1025 2637 ltaque,
1038 2559 1163 2619 etiamsi
1174 2575 1275 2620 unum
1286 2560 1360 2621 cho-

192 2656 297 2717 ricum
311 2674 466 2734 peragere
482 2657 602 2735 optime
614 2664 748 2735 possunt
758 2658 900 2719 duodeni
910 2657 1086 2730 cheronice,
1101 2675 1179 2717 num
1189 2665 1221 2717 et
1231 2658 1362 2718 actitare

191 2754 289 2816 iidem
299 2754 441 2814 universi
453 2755 566 2815 decern
576 2754 706 2815 choriea
717 2761 879 2831 poterunt,
889 2761 921 2816 et
931 2754 1363 2833 haecquidemsivemodieis

191 2851 259 2913 sive
269 2852 475 2929 amplissimis
485 2852 713 2929 rhythmorum
724 2852 1033 2913 commutationibus
1043 2852 1269 2924 discriminata,
1281 2853 1360 2914 utin

193 2949 417 3027 Supplicihus‘l
427 2950 485 3011 Cui
495 2950 571 3011 moli
581 2956 1013 3029 personaqueeque‚propter
1023 2950 1363 3027 recitationisgesticu·

191 3046 383 3125 lationisque
396 3047 629 3121 difficultatem,
646 3064 734 3123 saepe
749 3048 919 3124 impersit,
934 3047 1053 3107 chorus
1065 3046 1188 3106 scilicet
1202 3063 1273 3106 earn
1288 3063 1361 3109 sus·

192 3145 318 3219 tinebit,
335 3161 410 3205 curn
426 3151 541 3205 cantus
559 3128 591 3206 et
609 3145 734 3205 saltatio
754 3143 928 3205 accedenti
942 3144 976 3203 in
996 3144 1036 3203 iis
1050 3144 1232 3220 praesertim
1246 3142 1375 3212 fabulis¹

192 3241 247 3302 uhi
263 3243 378 3303 melica
392 3259 559 3303 sermones
574 3243 666 3320 copia
679 3241 870 3320 exsequenti
879 3241 1059 3302 Fatendum
1073 3248 1123 3303 est
1134 3241 1242 3319 igitur,
1252 3257 1363 3319 quam·

196 3339 242 3399 vis
260 3355 326 3399 non
345 3340 471 3401 hebetis
488 3340 608 3417 ingenii
627 3339 843 3401 Athenienses
859 3322 979 3416 essent,
996 3338 1123 3399 turbam
1137 3356 1176 3399 ex
1190 3338 1361 3399 duodecim

193 3437 355 3497 actoribus
383 3445 566 3499 concretam
594 3438 635 3499 ad
663 3438 859 3516 perarduum
887 3438 974 3499 istud
1001 3436 1144 3499 cilicium
1163 3435 1359 3498 ‘obeundum
1466 3452 1468 3456 ’

192 3533 292 3595 fuisse
311 3535 494 3614 invalidam,
515 3536 679 3614 quoniam,
701 3537 734 3595 in
753 3541 841 3597 tanta
860 3551 1014 3595 versuum
1034 3535 1207 3613 lyricorum
1228 3552 1358 3611 expres·

192 3625 283 3694 sione
294 3640 325 3694 et
336 3634 537 3711 figuratione,
550 3618 646 3695 nemo
661 3652 700 3695 ex
716 3634 881 3695 orchestra
895 3650 959 3693 nou
974 3633 1077 3693 multo
1091 3634 1196 3710 majus
1209 3634 1361 3694 toleraret

192 3745 275 3793 onus
299 3749 396 3809 quam
418 3732 553 3809 quilibet
573 3749 592 3793 e
616 3750 714 3793 scena
737 3730 947 3799 histrionum,
970 3747 1108 3807 quorum
1132 3745 1252 3807 paucos
1275 3730 1365 3791 omni·

192 3834 336 3905 tempore
357 3830 504 3890 inventos
527 3846 599 3890 esse
624 3836 749 3891 constat
776 3829 901 3890 cunctis
929 3829 1074 3905 partibus
1100 3828 1274 3888 absolutos,
1298 3827 1362 3887 Fac

193 3926 289 3987 etiarn
304 3927 475 3987 choreutas
491 3944 604 3989 omnes
619 3928 659 3989 ad
673 3928 817 3989 canenda
835 3927 1044 4003 saltandaque
1058 3932 1106 3986 tot
1121 3926 1234 3985 melica
1245 3940 1310 3984 non
1325 3940 1362 3985 se

193 4024 370 4100 praebuisse
384 4025 553 4100 inhabiles
566 4028 621 4103 qul
636 4026 758 4103 possint
777 4042 886 4087 scenae
903 4023 1086 4102 spectacula
1100 4040 1164 4088 nou
1178 4023 1361 4099 importuna

193 4120 274 4194 fieri,
297 4122 324 4179 si
349 4121 465 4182 fabulae
495 4140 566 4199 pars
595 4122 725 4184 dimidia
751 4124 791 4184 ab
816 4122 974 4183 duodenis
1000 4120 1097 4181 simul
1122 4120 1200 4181 viris
1226 4120 1360 4198 agatur‘i

207 4358 246 4479 p}
261 4355 348 4477 Serpel
360 4368 456 4407 moneo
470 4370 512 4406 me
525 4356 808 4409 TeubnerienaWeilii
817 4357 937 4408 editione
949 4357 1030 4421 (loct)
1045 4357 1072 4406 in
1086 4333 1292 4408 dinumerandis
1303 4371 1362 4407 ver·

192 4441 214 4477 s1
236 4442 267 4478 us
284 4444 298 4478 u
315 4444 332 4477 1.
876 4457 879 4467 ·
1070 4440 1074 4448 ’
1105 4458 1108 4462 J
