3284 5200
833 370 1028 483 -nq

329 555 457 616 sinistra
484 555 661 632 dextraque
689 571 790 633 prope
818 556 922 616 scalas
945 555 1082 616 ordinati
1107 555 1166 615 sed
1186 553 1321 631 ,longius
1346 571 1364 614 a
1388 556 1504 616 statuis

329 654 456 731 remoti,
468 670 534 714 non
543 653 609 730 jam
618 651 770 730 singulos
781 653 839 714 sed
854 652 1023 715 universos
1036 652 1219 730 promiscue
1228 653 1379 714 coelestes
1393 653 1505 730 imple

329 751 512 827 rantsiout
527 768 565 812 ex
585 750 769 812 novissimis
784 751 905 813 chorici
923 750 1162 829 precationibus
1175 755 1307 828 apparet
1326 749 1502 830 (too-180).

329 892 331 898 ·
367 849 437 910 Jam
457 867 487 910 v.
510 848 642 912 903-241
664 865 728 911 non
751 848 831 909 tanti
854 849 973 910 laboris
991 856 1067 909 sunt
1088 849 1201 926 quanti
1221 847 1372 908 videntur
1387 846 1408 908 ¹.
1430 847 1504 909 Tria

315 945 415 1007 renim
434 947 640 1024 stropharum
665 947 752 1024 paria
771 953 883 1008 ternos
903 947 1132 1007 choreutarnm
1154 945 1284 1006 ordines
1301 945 1502 1018 desiderant;

329 1061 402 1122 quae
422 1044 589 1121 dispositio
608 1051 643 1105 ut
660 1044 856 1122 probabilior
874 1045 927 1118 sit,
940 1042 1154 1121 ,subiungitur
1171 1043 1259 1122 qnod
1273 1043 1306 1104 in
1324 1043 1457 1122 stropha
1471 1049 1505 1105 et

329 1142 528 1219 antistropha
550 1140 579 1205 α’
603 1142 836 1204 curriculorum
859 1142 987 1217 stridor,
1009 1142 1175 1202 frenorum
1197 1130 1390 1218 equinorum
1410 1141 1505 1201 tinni-

266 1285 267 1288 ,
327 1245 446 1312 menta,
470 1240 678 1318 hostiumque
697 1256 877 1300 concursus
897 1238 1136 1300 describuntur.
1158 1238 1238 1311 Quae
1255 1237 1504 1299 obsidionalium

327 1337 487 1399 malorum
508 1337 617 1399 verbis
633 1343 708 1398 ante
722 1339 835 1420 oculos
849 1338 953 1414 posita
973 1337 1107 1413 pictura,
1123 1353 1217 1415 aeque
1231 1353 1269 1397 ao
1284 1342 1406 1418 tentata
1419 1337 1453 1396 in
1469 1354 1502 1396 v.

282 1503 285 1508 ,
329 1432 405 1494 8οἂ
419 1434 668 1514 impugnationis
683 1435 829 1514 imitatio,
847 1453 911 1496 non
925 1440 973 1496 est
985 1451 1044 1496 cur
1057 1434 1293 1518 aristerostatis,
1309 1434 1394 1495 inter
1407 1451 1503 1512 quoe,

329 1533 436 1604 oredo,
457 1534 646 1595 versabatur
669 1534 812 1595 Telestes
839 1532 1125 1613 praestantissimus
1152 1532 1208 1594 ille
1231 1548 1340 1593 rerum
1366 1531 1502 1603 efficior,

328 1637 493 1694 renuatur.
511 1632 658 1709 Reliquae
674 1638 783 1693 antem
797 1631 915 1693 commi
930 1631 1107 1708 strophulae
1126 1630 1309 1693 leurostatis
1323 1630 1503 1699 dextrosta-

327 1727 433 1805 tisque
443 1729 586 1791 vicissim
599 1731 827 1791 concedentur.
837 1730 956 1808 Aptum
969 1735 1018 1790 est
1030 1729 1117 1790 euim
1130 1745 1203 1810 quae
1213 1727 1365 1794 vall-15
1377 1728 1502 1814 cecine-

326 1825 390 1887 rint
402 1827 617 1900 mulierculae,
630 1844 685 1889 eas
699 1845 765 1890 non
780 1828 894 1888 eadem
903 1827 1022 1889 iterum
1036 1828 1070 1887 in
1084 1844 1114 1886 v.
1127 1824 1257 1887 239241
1273 1826 1499 1887 recantavisse.

328 1923 566 1986 Sententiarum
595 1931 703 1986 autem
731 1927 850 2002 paritas
877 1924 958 1986 nihil
986 1925 1118 1986 habebit
1144 1930 1200 1985 aut
1225 1924 1421 1985 incommodi
1445 1929 1502 1984 aut

325 2018 540 2098 inelegantiae,
557 2022 584 2082 si
602 2022 801 2100 putabuntur
818 2040 893 2084 cum
910 2023 1073 2084 Thebanae
1091 2022 1124 2082 in
1140 2013 1337 2083 simillimam
1356 2021 1422 2082 iere
1435 2020 1500 2082 ior·

250 2123 253 2128 '
325 2117 480 2180 midinem
495 2137 611 2180 omnes
629 2120 793 2194 incidisse,
809 2125 879 2181 tum
897 2121 1045 2182 Eteocles
1063 2136 1128 2181 non
1144 2120 1331 2182 universum
1350 2109 1497 2196 chorum,

325 2216 384 2276 sed
405 2221 515 2278 ternos
538 2217 691 2295 deinceps
709 2218 944 2304 ¹Thebanorum
967 2219 1081 2297 globos
1108 2218 1223 2279 ordine
1246 2223 1280 2278 et
1306 2233 1452 2301 seorsum
1479 2233 1499 2277 a

323 2326 442 2390 pavore
462 2315 674 2388 deterruisse‚
695 2333 760 2393 quo
784 2317 858 2393 plus
876 2316 1129 2378 adhortamentis
1147 2315 1346 2376 auctoritatis
1364 2315 1496 2375 inesset.

325 2410 438 2488 ltaque
454 2412 553 2472 lluffii
569 2413 752 2490 opinionem
770 2414 976 2491 rejiciendam
990 2415 1138 2486 arbitror,
1151 2414 1206 2491 qui
1220 2412 1362 2490 AEschyli
1375 2428 1498 2474 morem

324 2506 534 2586 institutaque
546 2527 604 2587 pro
616 2511 717 2572 nihilo
736 2512 902 2572 aestimans
916 2511 1100 2573 canentium
1111 2511 1257 2572 ordinem
1272 2511 1453 2579 conturbat,
1465 2516 1498 2571 et

316 2622 355 2668 r.
372 2608 501 2669 nos-nm
520 2610 847 2689 coryphae0,.22ii‘lll
868 2617 977 2672 autem
995 2615 1164 2688 parastatae
1179 2608 1354 2670 vindicat².
1368 2608 1496 2670 Nemini

323 2705 472 2781 probabit
489 2706 590 2768 luisse
608 2708 772 2769 interdum
793 2725 882 2784 cum,
904 2714 1051 2786 respecto
1069 2708 1166 2769 simul
1187 2714 1220 2769 et
1238 2708 1391 2783 despecto
1413 2705 1494 2767 anti·
1569 2720 1572 2725 ’
1635 2733 1637 2755 ι

322 2803 558 2879 strophicorum
575 2823 734 2881 connexu,
751 2806 979 2868 choreutarnm
993 2805 1120 2884 aliquis,
1131 2806 1304 2883 assumptis
1319 2804 1494 2868 multorum

322 2898 450 2974 officiis,
480 2903 642 2983 syzygiam
671 2904 824 2965 continuo
853 2909 983 2966 caneret
1009 2921 1109 2978 unuS,
1138 2903 1384 2980 secundumque
1407 2906 1492 2962 stro·

223 3063 227 3070 ,
321 2997 460 3075 pharum
475 3017 533 3077 par
547 3002 719 3075 scinderet,
736 3008 772 3063 ut
785 3002 861 3063 inde
876 3002 1040 3062 dimidiam
1056 3007 1178 3080 partem
1190 3002 1347 3077 binasque
1361 3000 1494 3076 insuper

320 3098 469 3174 strophas
483 3099 536 3159 alii
549 3100 754 3179 relinqueret.
767 3099 967 3177 Longissima
982 3100 1102 3160 absunt
1115 3116 1134 3160 a
1147 3099 1349 3160 chorinerum
1361 3113 1492 3159 consue·

319 3194 432 3256 tudine
445 3196 507 3257 ista
516 3198 765 3275 conjectandum
776 3203 968 3259 commenta.
982 3198 1080 3259 Miror
1089 3197 1186 3259 etiam
1200 3213 1259 3258 cur
1274 3196 1381 3257 Mallio
1394 3194 1493 3256 hemi·

319 3292 504 3354 choriorum
523 3294 685 3373 principes
703 3301 870 3357 cantantes
886 3296 1010 3374 fingere
1030 3312 1097 3357 av.
1118 3294 1159 3356 78
1179 3294 1319 3369 libuerit,
1339 3293 1492 3369 quoniam

319 3388 598 3453 istacantatorum
618 3392 774 3454 ordinatio
798 3394 900 3455 multo
920 3410 1018 3471 quam
1037 3409 1096 3471 pro
1116 3393 1177 3453 hac
1196 3392 1383 3454 dochmiaca
1402 3396 1492 3468 parte

320 3487 497 3564 elegantior
512 3489 565 3559 sit,
581 3494 613 3551 et
627 3495 772 3565 ceterum
792 3507 849 3551 rex
867 3490 989 3570 ubique
1004 3507 1070 3552 non
1089 3507 1187 3551 unam
1206 3496 1262 3551 aut
1282 3490 1414 3551 alteram
1433 3488 1492 3549 sed

318 3583 428 3662 plures
445 3602 483 3646 ex
498 3586 687 3648 mulieribus
701 3588 895 3666 compellare
914 3589 1060 3649 videatur
1075 3581 1234 3678 (εὔχεσθε,
1250 3585 1327 3659 alth
1342 3620 1382 3629 -
1395 3582 1493 3663 πύθη-

319 3678 1491 3772 obs,dpnallberefilb).Sedhaudscioancommumintegrumcoryphaeo

306 3787 553 3859 -parastataeque
577 3782 760 3860 crediderit,
785 3790 821 3846 ut
847 3784 979 3862 reliquis
1004 3786 1119 3847 decem
1139 3784 1303 3846 choreutis
1327 3778 1492 3843 trimetros

318 3878 419 3940 denos
436 3878 575 3961 (ala-63)
598 3871 797 3957 exposcerat
819 3880 857 3942 In
875 3898 939 3959 quo
959 3882 1057 3943 etiam
1068 3897 1191 3948 ¹vereor
1207 3898 1250 3943 ne
1267 3881 1400 3942 rationis
1420 3897 1490 3942 suae

318 3992 427 4038 amore
442 3984 554 4055 captus
568 3978 621 4039 sit.
642 3979 794 4057 Singulos
808 3980 896 4041 enim
912 3997 952 4041 ex
967 3980 1133 4043 orchestra
1146 3997 1221 4042 cum
1238 3996 1336 4041 scena
1348 3978 1489 4056 colloqui

318 4078 351 4135 et
366 4075 473 4137 minus
488 4093 576 4155 saepe
592 4077 711 4153 evenit,
727 4084 760 4139 et
779 4078 859 4156 ipsis
876 4085 981 4154 poetae
999 4078 1108 4142 verbis
1127 4077 1339 4156 significatum
1356 4077 1390 4137 in
1409 4094 1491 4156 prae·

326 4196 328 4203 ’
346 4234 372 4281 r.
386 4232 423 4281 oe
438 4233 519 4294 nujus
531 4234 583 4284 1001
598 4236 757 4299 symmetria
772 4236 834 4286 vioe
846 4237 932 4297 wan,
942 4234 1026 4286 areat.
1038 4235 1143 4299 tarra,
1155 4237 1391 4299 naatnxxxm,
1406 4250 1432 4299 p.
1443 4236 1489 4287 au

320 4315 370 4424 sq2q·
383 4302 753 4439 §lebremrn's’prgmabtrischen
767 4308 826 4357 Bou
835 4308 888 4357 -des
904 4308 1044 4359 Recitabat
1058 4306 1097 4357 bei
1114 4307 1274 4372 AEsctytto).

1628 826 1637 1291 l
