3284 5200
693 429 853 494 ..23-

184 566 262 628 dum
277 553 437 628 canticum
446 563 514 642 ubi,
524 563 643 628 omissa
656 564 705 627 rei
719 566 859 628 choricae
872 565 997 628 ratione
1009 571 1042 628 et
1055 565 1222 643 divisione,
1233 567 1349 630 silente

183 679 291 742 scena,
314 663 374 724 sibi
395 661 560 741 lyricoque
579 662 710 741 ingenio
728 663 928 742 indulgeant.
947 663 1102 742 Properat
1124 663 1223 744 igitur
1244 681 1346 726 exun-

125 817 129 824 ,
184 761 288 824 dantis
299 760 442 822 fluminis
455 761 515 838 vis,
532 761 620 822 nullo
632 761 939 840 antistrophicorum
955 761 1124 823 intervallo
1138 762 1274 838 tardata;
1290 778 1349 840 per
1454 836 1457 843 ¹

183 859 289 938 plena,
310 875 369 937 per
387 858 509 920 hiantia
526 857 629 931 scelti,
647 860 688 920 ab
707 859 917 938 antistrophis
933 859 969 920 in
987 859 1136 937 strophas
1154 859 1300 937 incurrit,
1315 864 1347 921 et

182 955 412 1034 matricaparia
421 957 473 1018 vel
481 955 706 1034 abrumpitvel
716 957 760 1018 ita
770 957 946 1032 continuat,
955 945 1073 1020 'solutae
1085 957 1238 1023 orationis
1246 973 1346 1030 more,

182 1060 219 1116 ut
236 1059 340 1116 lotum
361 1070 491 1115 carmen
510 1052 675 1115 intellectu
694 1054 860 1132 carcat,·si
883 1055 956 1133 quis
972 1060 1153 1117 cantatores
1176 1055 1342 1132 partiatur.

182 1151 294 1230 Itaque
319 1151 497 1213 Hermanni
510 1148 531 1226 ¹,
555 1151 663 1212 Krusii
678 1149 701 1230 ’,
727 1151 943 1222 Frcericksii³
966 1157 999 1214 et
1023 1152 1190 1216 Goebbelii
1210 1151 1221 1186 ⁴
1242 1151 1346 1212 hemi·

181 1249 291 1311 choria
304 1248 505 1328 respuamus
524 1248 677 1327 quoniam
695 1265 807 1311 rursus
826 1267 845 1310 a
863 1250 1027 1313 communi
1043 1267 1141 1313 sensu
1158 1250 1250 1311 abest
1268 1266 1343 1329 quae

181 1363 266 1408 unus
281 1363 394 1409 secum
412 1346 533 1426 agitare
552 1347 725 1425 occeperit,
746 1364 784 1408 ea
802 1348 843 1409 ab
864 1349 966 1410 altero
984 1348 1025 1409 ad
1041 1349 1177 1410 verbum
1194 1347 1309 1410 confici
1322 1346 1346 1425 ⁸,

180 1444 385 1524 solidumque
417 1444 553 1506 chorum
580 1443 787 1522 potissimum
816 1451 1005 1521 statuamus,
1030 1461 1129 1524 quem
1158 1445 1347 1524 ceteroquin

158 1547 160 1552 ’
180 1548 306 1621 oportet
320 1542 361 1604 de
375 1541 484 1619 stirpis
498 1542 682 1620 primordiis
696 1542 867 1621 futuraque
881 1543 1027 1605 omnium
1040 1543 1162 1604 ultione
1175 1559 1302 1605 canere.

221 1641 299 1702 Pars
315 1656 392 1702 vero
409 1639 528 1729 chorici
547 1640 705 1718 posterior
722 1639 884 1720 (tlt-175)
898 1642 993 1720 longe
1007 1639 1167 1718 superiori
1181 1639 1346 1701 absimilis.
1417 1692 1419 1699 .

180 1737 351 1815 Supplices
369 1737 456 1799 enim
475 1737 573 1798 missa
586 1737 707 1799 iaciunt
727 1756 802 1818 quae
821 1738 938 1816 priscae
952 1744 1028 1800 sunt
1043 1737 1219 1812 memoriae,
1236 1742 1269 1799 et
1283 1754 1347 1817 quo

180 1836 244 1897 sint
262 1836 334 1897 loco
353 1852 406 1897 res
423 1852 492 1898 suae
511 1836 605 1897 anxio
624 1836 730 1898 animo
745 1832 1159 1915 circumspiciunt'ltaque,
1176 1837 1210 1897 in
1223 1836 1347 1898 incerto

180 1933 287 1996 adhuc
305 1939 470 1996 servantes
488 1933 642 2012 quidnam
662 1934 786 1996 consilii
807 1935 930 2013 capturi
948 1934 1013 1997 sint
1031 1933 1087 2011 dii,
1108 1949 1173 1995 non
1188 1934 1255 2011 jam
1273 1950 1347 2012 quae

178 2031 213 2092 in
232 2031 357 2110 poetica
379 2031 453 2092 licta
472 2032 631 2110 quadrent
651 2033 742 2110 quasi
763 2033 953 2094 ludibundae
974 2037 1115 2104 cantant,
1134 2031 1193 2093 sed
1211 2048 1345 2110 suscep·

178 2134 228 2191 tas
242 2131 282 2191 de
304 2146 339 2191 se
359 2147 452 2193 curas
466 2130 538 2208 ipsa
557 2130 687 2192 dolendi
707 2131 880 2192 dulcedine
893 2137 1063 2194 exacuunt.
1080 2129 1194 2203 Simul,
1209 2130 1346 2192 interce-

180 2227 276 2290 dente
291 2228 516 2307 rhythmorum
530 2229 777 2307 permutatione,
793 2229 963 2307 longarum
981 2229 1174 2307 syllabarum
1188 2227 1348 2289 solutione

178 2326 304 2388 numeri
326 2326 545 2388 incenduntur
565 2332 598 2388 et
620 2326 874 2406 praecipitantur,
895 2328 1023 2388 dolores
1044 2326 1165 2387 habent
1184 2329 1217 2388 et
1234 2324 1343 2388 flebile

178 2424 333 2504 quiddam
351 2424 537 2501 concipiunt
555 2424 644 2502 quod
666 2425 713 2486 rei
733 2425 863 2502 tragicae
879 2425 1045 2502 aptissime
1057 2423 1219 2486 convenit.
1236 2422 1345 2486 Multis
1372 2459 1375 2463 ·

177 2521 274 2602 igitur
290 2522 476 2584 nominibus
494 2528 530 2583 ut
547 2529 724 2584 metrorum
742 2523 788 2584 sic
807 2523 993 2585 canentium
1007 2521 1225 2602 disparitatem
1239 2522 1341 2601 conji·
1378 2588 1380 2591 ,

177 2620 301 2683 ciemus
322 2620 345 2695 ⁶,
369 2627 400 2683 et
426 2621 488 2682 tria
510 2622 715 2698 stropharum
738 2622 828 2699 paria
855 2640 920 2685 non
948 2621 1165 2695 hemichoriis‚
1193 2637 1267 2698 quae
1295 2627 1344 2682 est

177 2717 377 2781 Hermanni⁷
398 2725 431 2781 et
452 2718 668 2781 Freericksii⁸
689 2720 841 2797 opinatio,
866 2720 924 2782 sed
948 2720 1055 2798 potius
1081 2720 1185 2781 tribus
1210 2719 1343 2781 stoechis

176 2816 417 2879 Wecklinium⁹
428 2818 529 2878 secuti
542 2818 787 2895 assignabimus.
795 2818 909 2897 Neque
917 2818 1004 2879 enirn
1012 2835 1050 2879 ea
1059 2824 1134 2879 sunt
1143 2816 1342 2881 hemiohoria

177 2932 251 2994 quae
269 2922 393 2977 temere
409 2914 544 2977 ubilibet
558 2916 804 2992 constituantur,
819 2922 852 2977 et
867 2915 969 2976 oculis
984 2916 1118 2976 incurrit
1131 2916 1175 2976 ita
1188 2915 1221 2975 in
1234 2919 1344 2976 nostro
1360 2971 1363 2975 .

178 3014 320 3076 carmine
338 3013 570 3074 sententiarum
588 3020 620 3073 et
638 3012 868 3090 particularum
886 3028 1017 3090 quoque
1035 3029 1119 3072 nexu
1138 3018 1246 3089 partes
1266 3010 1343 3071 reli-

177 3111 246 3191 gari
261 3118 296 3173 ut
311 3112 428 3190 quibus
443 3111 576 3188 stropha
587 3109 702 3171 iisdem
715 3115 746 3171 et
758 3109 957 3187 antistropha
970 3110 1011 3171 sit
1029 3110 1221 3170 mandanda.
1239 3110 1346 3169 Unum

178 3210 330 3288 quodque
346 3208 552 3284 stropharum
567 3224 625 3286 par
639 3213 743 3269 totum
757 3224 814 3286 per
827 3223 863 3268 se
877 3207 998 3286 aliquid
1013 3206 1121 3285 efficit,
1137 3213 1180 3279 et,
1198 3206 1345 3284 quamvis

178 3323 253 3385 quae
267 3323 286 3366 a
302 3305 446 3385 partibus
460 3305 551 3366 chori
563 3305 711 3368 dicantur
725 3304 759 3365 in
774 3304 941 3367 universos
953 3306 1125 3367 choreutas
1138 3304 1253 3366 cadere
1268 3320 1345 3381 pos·

179 3401 244 3465 sint
258 3402 292 3479 ¹⁰,
309 3409 419 3466 tamen
435 3403 503 3465 veri
521 3410 568 3466 est
586 3401 786 3464 simillimum
800 3408 910 3493 ternos
926 3403 1088 3483 virginum
1103 3402 1231 3465 ordines
1244 3402 1344 3464 alium

210 3618 233 3667 1.
247 3616 335 3667 AEsclt.
349 3616 436 3681 Trap„
450 3616 542 3680 supp,
556 3630 584 3680 p.
597 3618 612 3666 6
627 3630 686 3679 sqq.

208 3688 232 3737 2.
245 3686 349 3753 δαρρ1.,
366 3687 408 3739 cd.
425 3687 576 3747 Stralsund‚
589 3690 660 3747 1861,
674 3686 737 3737 adn.
751 3686 785 3737 ad
799 3687 828 3737 h.
844 3686 905 3738 Vss.

208 3760 233 3810 3.
245 3760 282 3808 De
296 3757 381 3809 AEscb.
395 3757 549 3823 Supplicem
563 3758 649 3815 choro,
664 3773 689 3821 p.
703 3761 743 3808 31.

208 3830 232 3879 l.
248 3831 285 3879 De
299 3830 497 3895 cpbpmniorum
507 3829 580 3893 opud
595 3830 697 3879 Grecos
711 3830 735 3879 ct
745 3830 874 3881 Romanor
883 3828 1037 3890 rationibus,
1048 3843 1076 3893 p.
1091 3830 1130 3880 28.

210 3902 233 3951 5.
245 3901 307 3951 vid.
323 3915 347 3950 v.
361 3904 438 3951 ll-tt
453 3905 479 3951 el
495 3904 578 3952 tt-ot.

209 3973 234 4022 6.
248 3972 285 4021 Gi.
301 3973 462 4034 Bacuenses,
475 3972 493 4022 l.
509 3988 542 4033 o.,
554 3986 581 4037 p.
594 3974 633 4023 32.

209 4042 233 4091 t.
248 4042 335 4091 AEsch.
351 4044 439 4106 Trup„
453 4044 486 4105 ll,
501 4058 527 4108 p.
544 4046 594 4094 t-8.

210 4114 233 4162 8.
249 4113 277 4161 L.
291 4128 323 4173 r.‚
338 4128 364 4178 p.
378 4116 417 4164 33.

209 4185 233 4233 9.
248 4182 335 4233 Fleolr.
351 4184 453 4247 Jahrb,
469 4188 510 4235 13ιι
524 4186 606 4249 Supp.
620 4186 658 4247 b.,
675 4200 701 4248 p.
716 4186 761 4235 211
777 4199 837 4249 sqq.

209 4254 248 4305 lll.
259 4254 290 4305 V.
307 4256 410 4305 111-116
421 4256 460 4307 sic
474 4270 535 4307 oum
549 4257 654 4320 liugero
669 4260 696 4307 el
713 4258 867 4308 Hermanno
881 4257 940 4319 lego
956 4272 964 4307 t
978 4258 1083 4309 τοιαῦτα
1093 4256 1172 4308 πάθεα
1187 4255 1262 4321 μέλεα
1274 4260 1343 4324 θρεο-

178 4326 240 4393 μένα
255 4325 326 4391 δ’ἑγὼ
342 4330 410 4385 ζῶσα
426 4327 495 4393 γόοις
512 4328 542 4394 pl
556 4337 630 4393 τιμῶ,
645 4342 690 4389 ne,
704 4342 765 4379 cum
786 4329 884 4392 prioris
898 4328 1026 4379 carminis
1045 4332 1235 4393 argumentum
1249 4332 1342 4391 tanga·

177 4403 231 4461 tur,
247 4396 334 4449 solido
351 4410 459 4463 quoque
472 4401 556 4451 choro
570 4400 655 4452 tribui
666 4401 820 4453 videantur.
1111 4429 1113 4432 -
