3284 5200
695 429 854 495 ..63-

126 650 127 655 ¹
186 566 348 629 induxerit
380 564 644 644 antistrophicam
681 566 889 644 periodorum
926 568 1171 646 responsionem
1202 572 1236 631 in
1268 572 1358 635 hisce

186 664 403 746 hypermetris
417 663 561 741 reperire
576 664 653 725 satis
667 665 777 725 mirari
791 682 929 743 nequeo.
947 668 1058 745 Itaque
1075 668 1183 730 locum
1200 671 1356 745 nostrum,

185 781 261 826 cum
280 762 500 824 solertissimis
520 761 749 839 interpretibus
765 764 788 834 ¹,
805 762 978 842 coryphaeo
992 766 1149 839 retribuo,
1166 784 1205 827 ne
1219 769 1377 835 auctori.

183 868 248 923 tate
271 878 330 922 sua
353 860 571 934 defraudetur,
592 866 625 921 et
644 861 727 920 alius
749 861 901 921 sortiatur
920 862 1101 939 principale
1121 864 1222 926 bocee
1240 882 1359 928 munus

183 960 288 1039 regias
312 960 352 1019 de
376 975 473 1019 scena
493 973 647 1035 personas
669 958 876 1036 adloquendi,
894 960 934 1020 de
953 977 1017 1037 quo
1036 978 1134 1038 supra
1153 962 1356 1036 dictumest,

183 1074 265 1120 neve
287 1056 385 1119 etiam
409 1056 643 1117 sententiarum
664 1056 862 1119 continuatio
884 1056 1077 1119 dissolvatur
1099 1076 1174 1136 quae
1197 1062 1249 1121 vel
1272 1062 1358 1123 elus·

184 1156 264 1218 catis
292 1156 361 1216 sole
389 1152 507 1215 clarius
536 1153 702 1231 refulgeat.
732 1154 822 1215 ldem
850 1156 936 1216 enim
964 1156 1119 1219 choreuta
1144 1174 1277 1219 neeesse
1307 1166 1358 1221 est

184 1254 295 1316 timeat
322 1254 401 1314 citra
422 1258 551 1314 extrave
576 1252 768 1314 reverentiae
791 1252 965 1331 gaudiique
991 1253 1075 1315 fines
1095 1261 1180 1316 stare
1202 1255 1355 1336 (iae-89),

185 1354 244 1414 sed
271 1351 449 1412 acrioribus
472 1350 571 1428 regiae
597 1351 715 1411 mentis
736 1351 839 1411 oculis
867 1350 1017 1426 confidat,
1045 1357 1081 1414 ut
1105 1370 1182 1415 vera
1207 1355 1247 1415 ab
1270 1355 1358 1415 falsis

185 1450 408 1511 discernantur
426 1447 583 1530 (teo-98);
603 1453 760 1525 praeterea
778 1449 924 1525 ipsorum
939 1433 1059 1523 laetitia,
1085 1450 1160 1512 licet
1178 1451 1304 1528 pridem
1323 1452 1357 1513 in

185 1548 369 1610 ulciscenda
393 1547 516 1607 Helena
540 1546 738 1623 segniorum,
761 1551 888 1607 tantum
913 1546 1078 1624 gravitatis
1101 1556 1257 1625 quantum
1280 1548 1357 1612 lidei

183 1644 457 1724 ingenuitatisque
482 1660 549 1721 prae
573 1661 608 1705 se
632 1644 711 1705 ierat
735 1640 907 1723 (ree-809).
934 1645 1024 1705 Hane
1045 1643 1216 1707 sensorum
1240 1646 1356 1708 verbo·

184 1760 322 1821 rumque
341 1758 504 1802 summam
523 1742 579 1820 qui
603 1741 790 1819 disJungere
810 1741 973 1817 molietur,
994 1742 1022 1802 is
1039 1742 1205 1803 individua
1226 1761 1356 1822 corpus-

105 1870 110 1876 ·
183 1842 255 1903 cula
270 1840 429 1901 concidet.

226 1939 284 2002 Ubi
303 1940 505 2015 Agamemno
524 1938 659 1999 domurn
674 1936 783 2015 subiit,
801 1937 1035 2014 clytemnestra
1047 1954 1105 2016 per
1119 1938 1271 2017 ambages
1283 1939 1355 2002 haec
1433 1949 1435 1953 '

183 2038 325 2115 loquitur
339 2053 347 2097 :

341 2199 396 2256 Ζεῦ
409 2197 462 2255 Ζεῦ
475 2197 573 2268 τέλειε,
588 2194 636 2263 τὰς
652 2193 720 2274 ἐμὰς
734 2193 816 2277 εὐχὰς
838 2198 923 2258 τέλει.

342 2296 421 2373 μέλοι
436 2295 466 2354 δέ
482 2318 525 2354 τοι
540 2292 580 2353 σοὶ
594 2296 700 2375 τῶνπερ
714 2292 745 2352 ἄν
759 2295 864 2373 μὲλλης
877 2295 972 2353 τελεῖν
988 2291 1139 2374 (973·74).

183 2482 243 2543 Hic
257 2482 377 2544 chorus
390 2480 591 2542 imminentia
606 2479 703 2557 regiae
723 2480 806 2541 mala
820 2480 912 2558 quasi
927 2480 1130 2542 subodorans
1143 2480 1241 2540 animi
1257 2480 1354 2541 tristi·
1438 2558 1442 2565 ¹

180 2580 258 2643 tiam
271 2582 390 2642 frustra
404 2580 565 2641 discutere
580 2584 725 2654 conatur,
738 2583 770 2639 et
784 2578 971 2640 obscuriora
984 2578 1082 2640 simul
1095 2584 1192 2657 atque
1207 2564 1354 2641 luctuosa

181 2681 265 2740 canit
286 2676 475 2757 (ene-1034).
497 2677 588 2750 Quod
608 2693 740 2737 carmen
764 2676 973 2738 hemichoriis
991 2694 1010 2737 a
1027 2677 1148 2738 Keckio
1167 2676 1325 2738 creditum
1341 2676 1352 2710 ²

180 2793 245 2838 non
269 2784 414 2854 tempero
440 2774 519 2853 quin
540 2775 639 2836 choro
661 2775 763 2836 solido
787 2775 954 2835 restituam
973 2775 1001 2849 3;
1024 2774 1196 2851 opinioque
1216 2791 1299 2848 mea,
1319 2781 1355 2836 ut

179 2881 321 2953 apparet,
333 2891 370 2935 ex
382 2874 452 2952 ipsa
462 2872 612 2934 carminis
623 2872 842 2949 exploratione
853 2872 986 2933 exsistit.
996 2872 1128 2945 Quoties
1138 2872 1224 2932 enim
1235 2873 1354 2934 chorus

181 2989 274 3050 aequa
286 2972 432 3050 portione
443 2971 616 3042 diducitur,
628 2969 789 3030 intercidit
799 2969 962 3048 quoddam
972 2970 1155 3030 animorum
1166 2969 1350 3043 discidium,

180 3077 285 3132 autea
299 3086 352 3131 res
365 3069 470 3147 agitur
484 3069 517 3129 in
532 3086 629 3129 scena
644 3085 717 3145 quae
733 3068 961 3128 choreutarum
976 3067 1232 3144 segregationem
1247 3068 1353 3146 requi-

179 3177 228 3231 rat
244 3187 251 3230 :
266 3169 373 3246 itaque
386 3168 437 3228 vel
452 3167 637 3228 canentium
650 3182 726 3226 vera
737 3165 909 3243 duplicitas
924 3171 1043 3240 manet,
1054 3166 1106 3225 vel
1117 3165 1238 3226 chorus
1251 3182 1352 3242 prope

179 3273 304 3329 actores
331 3266 539 3343 glomeratur,
562 3281 627 3341 quo
653 3263 778 3325 facilius
801 3279 857 3324 eos
881 3263 976 3342 quasi
997 3263 1289 3340 circumplectatur,
1319 3270 1351 3324 et

178 3382 307 3444 pompae
322 3363 452 3441 tragicae
467 3363 628 3440 particeps
644 3361 708 3423 irat.
719 3362 863 3434 Quorum
878 3351 958 3421 nihil
973 3361 1013 3421 ad
1027 3367 1174 3422 nostrum
1189 3361 1350 3422 canticum

179 3463 328 3541 pertinet.
344 3461 448 3522 Scena
467 3467 592 3521 tantum
611 3476 676 3520 non
691 3476 792 3520 vacua
811 3466 872 3535 est,
889 3459 1042 3537 quoniam
1057 3459 1261 3536 pertinaciter
1275 3459 1349 3519 Cas·
1368 3534 1372 3538 ι

179 3562 295 3621 sendra
309 3558 474 3620 silentium
488 3557 612 3618 obtinet
618 3575 627 3634 ;
640 3557 784 3619 nondum
798 3557 916 3618 fabulae
930 3557 1035 3618 nodus
1048 3556 1239 3633 impeditum
1251 3558 1349 3617 nnllae

179 3673 288 3724 rerum
311 3656 398 3718 vices
419 3654 621 3728 acciderunt3
645 3661 689 3731 et,
712 3655 841 3731 quando
865 3660 950 3715 stant
971 3653 1206 3732 quieseuntque
1229 3655 1349 3727 omnia,

178 3755 345 3832 ambiguas
363 3753 541 3830 tacitasque
565 3751 663 3813 loturi
687 3751 1094 3830 praedivinationesprodit
1117 3753 1245 3813 chorus.
1272 3751 1350 3823 Quis

175 3852 275 3930 igitur
288 3854 379 3914 locus
392 3849 602 3912 hemieltoriis
616 3850 677 3912 rite
692 3847 910 3910 collocandis?
1299 3921 1302 3924 ἦ

215 3950 289 4028 Ipsa
303 3966 399 4027 porro
413 3948 557 4026 AEschyli
571 3947 669 4009 verba
683 3954 808 4009 excute.
819 3947 946 4008 Chorus
957 3963 1074 4023 nempe
1088 3946 1132 4007 ait
1142 3963 1178 4008 se
1190 3947 1349 4007 indomito

174 4049 314 4126 quodam
338 4053 461 4108 terrore
484 4044 566 4106 affici
589 4041 740 4126 (975-77),
766 4044 985 4106 calamitatum
1013 4043 1104 4124 quasi
1130 4043 1348 4121 praenuntium

206 4261 227 4307 l.
242 4258 301 4308 Vid.
315 4258 499 4344 seinamma,
515 4257 619 4320 Apum„
635 4254 680 4308 ed.
697 4256 771 4315 18833
786 4282 818 4292 —
833 4256 980 4315 Wncrnxxa,
993 4255 1097 4320 Apum„
1115 4256 1158 4306 ed.
1174 4255 1251 4315 18883
1265 4257 1316 4305 etc.

205 4331 228 4451 {2
243 4329 492 4459 ss'r.⁰{l’l¹loffil³‚133i
507 4397 613 4448 cnoro.
631 4397 733 4463 lyam,
750 4411 778 4460 p.
797 4398 876 4447 eoae.
