3284 5200
686 427 690 434 '
797 416 958 481 -80-

289 554 370 616 tium
383 553 506 616 Orestae
520 554 675 634 chorique
689 553 833 617 vicissim
848 553 909 615 sibi
923 552 1189 633 respondentium
1203 552 1331 633 syzygia
1346 553 1470 633 expleri

289 652 481 715 existimant.

328 750 454 812 Commi
479 750 670 827 clausulam,
691 752 767 828 quia
791 749 961 811 materiam
986 748 1195 827 disputationi
1221 766 1286 810 non
1309 749 1466 826 suggerit,

288 854 460 925 praetereo.
1085 889 1103 897 .-

328 945 504 1023 Reliquum
519 951 569 1007 est
581 952 619 1007 ut
633 945 675 1005 de
689 950 803 1006 cantus
821 943 1050 1007 distributione
1066 960 1169 1023 panca
1184 943 1374 1005 edisseram.
1392 944 1466 1005 lam

288 1044 490 1121 exploratum
508 1049 557 1105 est
576 1042 780 1120 praelongum
802 1059 934 1104 carmen
953 1043 987 1103 in
1005 1049 1073 1104 tres
1091 1049 1198 1120 partes
1217 1042 1464 1103 distrahendum

289 1157 386 1202 esse:
407 1157 517 1217 unam,
539 1156 614 1218 quae
636 1141 771 1202 fratrum
791 1142 964 1202 alternatae
983 1140 1160 1214 cantiones,
1181 1139 1341 1216 adjunctis
1365 1139 1464 1201 inter-

284 1238 442 1316 jectisque
462 1238 550 1299 chori
569 1238 753 1317 anapaestis,
770 1240 1005 1316 complectatur
1024 1235 1199 1317 (aot-422„
1219 1238 1367 1308 alteram,
1388 1254 1464 1316 quae

289 1334 514 1413 rhythmorum
526 1335 798 1407 immutationem,
811 1335 1119 1414 antistrophicorum
1132 1335 1324 1412 ampliorem
1336 1333 1468 1395 distinc-

287 1432 420 1507 tionem,
445 1432 728 1511 interversumque
755 1433 942 1495 canentium
968 1433 1116 1494 ordinem
1140 1433 1282 1509 praebeat
1306 1430 1462 1513 (tta-55);

287 1530 415 1592 tertiam
430 1530 581 1608 denique,
593 1548 668 1609 quae
682 1536 714 1593 et
725 1531 873 1592 omnium
888 1548 927 1592 ex
937 1546 1034 1592 scena
1046 1529 1464 1608 orchestraqueinstropha

288 1642 321 1697 et
344 1637 543 1715 antistropha
571 1636 592 1693 ι’
616 1638 891 1716 conjunctionem,
914 1642 946 1698 et
968 1643 1150 1699 metrorum
1173 1637 1269 1697 etiam
1292 1636 1326 1697 in
1349 1636 1465 1697 ultima

288 1734 416 1813 syzygia
430 1735 471 1795 de
483 1735 612 1797 chorico
627 1752 719 1797 more
734 1736 888 1813 deinceps
903 1738 1030 1797 cantata
1043 1734 1254 1795 variationem
1268 1734 1401 1795 adierat.

327 1832 500 1909 Triplicem
517 1838 624 1894 autem
648 1834 769 1894 commi
791 1832 983 1894 divisionem
1003 1832 1150 1909 sequitur
1167 1831 1266 1893 etiam
1283 1831 1413 1910 triplex,
1429 1831 1464 1891 ni

287 1929 391 2006 fallor,
413 1935 616 1991 cantatorum
640 1931 809 1992 ordinatio.
831 1930 1061 1993 Wecklinius¹
1083 1946 1113 1991 v.
1132 1929 1269 1990 too-tat
1288 1927 1339 2007 (ut
1363 1930 1404 1991 de
1423 1929 1464 1990 iis

287 2026 429 2103 primum
449 2025 640 2108 disceptem)
662 2027 831 2105 disjungit,
852 2030 1149 2108 antecedentesque
1170 2032 1353 2105 anapaestos
1371 2026 1464 2104 quasi

286 2124 385 2202 priori
400 2125 544 2201 episodio
564 2125 718 2201 adstruit;
736 2125 810 2187 dein
829 2126 1095 2187 chorouniverso
1110 2132 1277 2203 quaesunt
1295 2124 1385 2185 chori
1403 2124 1462 2185 tri·

221 2252 229 2267 ·
286 2222 365 2295 buit,
392 2223 513 2299 majora
538 2228 778 2301 anapaestorum
806 2230 982 2302 systemata
1005 2221 1144 2304 (att-79)
1172 2221 1346 2301 coryphaeo
1374 2238 1463 2282 com-

286 2320 393 2394 mittit,
429 2321 555 2381 minora
586 2328 696 2383 autem
728 2328 839 2383 utrum
872 2322 978 2383 eidem
1012 2321 1185 2398 coryphaeo
1217 2336 1258 2381 an
1292 2324 1461 2397 parastatae

285 2417 457 2478 demandet
475 2417 613 2480 haesitat.
631 2420 723 2480 Hanc
738 2436 798 2497 ego
816 2420 975 2481 rationem
994 2435 1127 2495 prorsus
1143 2418 1278 2495 adsequi
1297 2434 1363 2479 non
1381 2433 1459 2494 pos·

285 2532 369 2577 sum.
394 2515 487 2576 Haud
505 2522 631 2577 temere
654 2517 742 2577 enim
767 2517 940 2596 AEschylus
963 2515 1255 2595 antisystematicos
1278 2519 1462 2602 anapaestos

284 2614 459 2676 orchestrae
477 2614 650 2677 committit
672 2614 739 2695 [qui
759 2615 793 2676 in
814 2616 921 2677 Persis
940 2614 1130 2692 (935-1001)
1151 2622 1182 2676 et
1203 2614 1237 2673 in
1261 2612 1462 2690 Choephoris

284 2709 427 2789 (tout-m
452 2710 602 2792 1018-20)
616 2713 770 2791 leguntur
790 2713 834 2773 ita
859 2714 1004 2774 threnico
1028 2713 1139 2774 habitu
1156 2719 1190 2773 et
1204 2711 1320 2773 melica
1340 2717 1471 2771 metro-¹

176 2809 177 2814 ’
284 2825 357 2870 rum
372 2809 502 2870 licentia
521 2810 775 2888 distinguuntur,
793 2816 830 2872 ut
844 2811 979 2871 nimium
999 2811 1038 2871 ab
1060 2809 1199 2888 propriis
1216 2815 1460 2886 anapaestorum

284 2906 429 2967 moribus
447 2907 632 2985 derogetur,
653 2907 800 2986 nihilque
821 2908 898 2969 inde
918 2908 1106 2969 conficiatur
1128 2924 1135 2967 :
1157 2907 1331 2985 ephymnia
1348 2911 1459 2966 autem

282 3005 476 3082 anapaestiea
488 3006 510 3078 ¹,
528 3006 682 3083 quoniam
697 3006 979 3084 redintegrationis
993 3005 1137 3082 quidem,
1152 3004 1212 3066 sed
1230 3003 1353 3063 nullam
1373 3003 1459 3063 anti·

283 3102 412 3164 theticae
427 3103 669 3180 compositionis
682 3105 824 3181 speciem
840 3103 1005 3179 exhibent,
1021 3102 1298 3179 praetermittenda
1313 3099 1457 3180 opinor];

283 3199 338 3260 ubi
349 3207 457 3261 autem
468 3201 866 3277 antitheticosanapaestos
878 3201 1054 3280 orchestrae
1065 3198 1313 3272 credit,sicutin
1323 3198 1458 3275 Septem
1571 3267 1580 3280 ⁵

284 3295 454 3377 (loco-78),
467 3314 532 3358 non
547 3299 587 3358 ad
602 3316 705 3359 unum
720 3299 937 3377 eumdemque
952 3299 1154 3369 choreutam,
1168 3297 1227 3358 sed
1238 3295 1279 3356 ad
1293 3295 1460 3376 hemicho·

283 3394 406 3455 riorum
425 3395 586 3472 principes
605 3395 803 3457 deteruntur.
822 3396 929 3468 Quare
947 3396 1061 3458 latiora
1080 3394 1200 3456 commi
1220 3393 1321 3454 nostri
1341 3394 1470 3472 hyper-.

283 3497 385 3552 metra
400 3490 546 3570 (ano-143
562 3491 687 3574 ate-79)
701 3494 889 3573 coryphae0,
906 3494 1091 3570 angustiora
1103 3491 1249 3570 (ato-443
1265 3490 1376 3571 too-l)
1390 3491 1459 3552 sive

282 3589 455 3668 coryphaeo
469 3589 550 3650 sive
555 3596 724 3667 parastatae
738 3591 946 3652 concedenda
961 3609 1033 3653 esse
1050 3607 1115 3651 non
1130 3605 1258 3651 censeo.
1272 3589 1347 3664 Sed,
1359 3606 1459 3666 quan·

282 3687 455 3764 doquidem
480 3687 598 3751 chorus
620 3705 720 3766 prope
748 3688 981 3768 hyposcenium
1000 3688 1319 3767 Agamemnonisque
1343 3686 1456 3762 sepul-

281 3800 373 3844 crum
393 3785 523 3845 sinistra
541 3785 718 3865 dextraque
738 3786 904 3863 confluxit,
923 3792 955 3847 et
977 3786 1010 3845 in
1035 3786 1084 3847 rei
1105 3786 1243 3846 scenicae
1266 3783 1456 3846 societatem

281 3882 478 3956 adsciscitur,
496 3884 608 3944 malim
623 3868 780 3961 quaterna
798 3891 973 3963 systemata
988 3885 1154 3962 quaternis
1168 3900 1323 3962 zygorum
1336 3881 1456 3960 princi·

281 3981 375 4058 pibus
393 3981 543 4060 relinqui.
566 3982 719 4043 Binarum
740 3989 900 4060 praeterea
918 3983 1121 4061 syzygiarum
1142 3988 1294 4060 quattuor
1313 3980 1456 4058 strophae

279 4085 433 4156 quattuor
455 4081 551 4142 etiam
570 4081 658 4159 zygis
677 4081 788 4142 solidis
808 4080 964 4157 deinceps
984 4081 1158 4158 dabuntur,
1174 4086 1210 4142 ut
1231 4080 1331 4141 moris
1352 4085 1401 4141 est
1422 4078 1456 4138 in

313 4310 334 4357 r.
347 4306 431 4358 rieul.
446 4309 547 4373 tarra,
565 4313 635 4373 isca,
653 4301 718 4361 dier
729 4310 756 4362 a.
771 4310 929 4383 racana....‚
1001 4277 1004 4283 ’
1088 4323 1093 4332 ·

310 4379 335 4427 2.
349 4380 377 4428 ln
391 4379 600 4441 Agamemnonis
617 4397 723 4434 commo
737 4384 894 4448 (1155-1158,
909 4384 1056 4445 tlte-tlte,
1072 4384 1222 4445 15351516).
1332 4397 1336 4403 ’
