3284 5200
701 433 863 498 ..oo..

192 570 227 631 in
243 569 342 632 verba
358 568 467 646 jurant
484 565 704 630 Schwerdtius
719 566 742 647 ¹,
760 567 897 630 Krusius
908 567 920 603 ¹
933 575 967 631 et
985 569 1204 632 Freericksius
1218 571 1247 648 ³3
1263 574 1367 637 tribus

185 667 328 730 'stoechis
341 663 605 744 Bambergerus⁴,
622 666 721 728 choro
735 672 845 728 autern
859 666 963 728 solido
977 667 1247 730 Heimsoethius⁸.
1262 669 1362 734 Omit-

190 766 291 828 t'e'nda
303 762 502 826 hemichoria
518 762 665 824 existimo
680 763 833 842 quoniam
846 763 932 825 inter
944 781 981 826 se
991 764 1156 843 virginum
1171 766 1364 831 collidantur

192 863 390 939 voluntates,
406 861 741 939 inconstantioresque
762 862 853 924 flant.
877 860 985 925 Potior
1007 862 1137 939 quidem
1158 864 1364 945 Bambergcri

192 960 351 1024 sententia
364 958 505 1036 videtur,
519 959 577 1019 sed
596 968 711 1021 vereor
729 976 772 1022 ne
790 958 840 1020 vir
854 959 969 1021 doctus
982 960 1016 1019 in
1031 960 1251 1024 distribuendo
1266 970 1362 1026 cantu

191 1060 331 1121 multum
345 1055 511 1119 erraverit.
531 1055 615 1118 Dicit
631 1057 717 1134 enim
736 1076 743 1115 :
765 1079 781 1112 «
801 1057 962 1120 Praeterea
980 1074 999 1118 a
1017 1049 1160 1140 στοίχοις
1177 1059 1266 1120 chori
1284 1076 1361 1121 can-

191 1162 295 1219 tatum
310 1172 383 1217 esse
397 1170 526 1216 carmen
547 1154 658 1233 Suppl.
675 1171 707 1214 v.
724 1153 784 1216 779
798 1172 871 1233 sqq.
892 1154 1059 1233 probabile
1072 1160 1131 1216 est.
1149 1156 1248 1234 Cujus
1262 1174 1363 1236 quum

186 1259 248 1316 sex
267 1253 411 1331 strophae
425 1252 490 1313 sint
511 1251 554 1312 ita
572 1251 792 1325 conformatae,
811 1260 847 1314 ut
863 1253 897 1312 in
918 1251 1022 1313 tribus
1044 1253 1208 1331 prioribus
1227 1254 1363 1333 singulis

190 1351 304 1414 mortis
322 1367 438 1428 genua,
458 1348 547 1428 quod
565 1365 704 1427 quaeque
724 1349 930 1429 potissimum
950 1349 1100 1424 habeant,
1118 1368 1186 1429 prae
1206 1353 1326 1430 nuptiis
1344 1370 1363 1413 a

190 1448 387 1511 Danaidibus
407 1452 587 1524 exoptatur,
606 1447 682 1508 inde
704 1453 813 1509 autem
835 1453 949 1509 cantus
968 1447 1088 1508 adalia
1107 1449 1275 1526 transiliat,
1292 1461 1361 1511 non

189 1553 296 1626 potest
310 1553 348 1608 ea
360 1544 488 1623 partitio
500 1560 566 1606 non
580 1543 683 1607 videri
698 1544 875 1623 aptissime,
890 1561 955 1623 qua
972 1544 1133 1607 universae
1148 1545 1238 1607 chori
1254 1553 1361 1625 partes

189 1644 223 1705 in
237 1644 344 1722 aliqua
357 1648 460 1704 morte
474 1642 684 1720 praeoptanda
697 1641 929 1704 consentione.
942 1663 958 1697 a
971 1640 1078 1716 Unde,
1094 1643 1127 1704 ni
1142 1642 1245 1718 fallor,
1259 1651 1358 1723 patet,

190 1741 328 1820 abrupto
342 1739 645 1817 antistrophicorum
658 1738 799 1816 vinculo,
811 1738 1016 1817 trestnores
1029 1740 1178 1818 strophas
1191 1757 1210 1802 a
1224 1742 1358 1804 stoechis

189 1839 335 1917 singulis,
350 1844 417 1901 tres
435 1854 512 1900 vero
530 1837 698 1899 inferiores
719 1854 833 1900 rursus
854 1838 895 1899 ab
913 1837 1029 1899 iisdem
1052 1837 1186 1899 stoecbis
1205 1839 1359 1918 deinceps

183 1936 288 1998 ¹fuisse
307 1941 461 1998 cantatas.
478 1936 558 2009 Quae
574 1934 700 2007 divisio,
716 1942 753 1997 ut
771 1935 905 1997 minime
923 1935 957 1995 in
975 1935 1244 1999 consuetudinem
1258 1937 1357 2014 venit,

189 2035 234 2096 ita
255 2034 487 2096 sententiarum
505 2032 741 2096 connexionem
759 2032 917 2112 praecidit.
936 2034 1112 2112 Postquam
1132 2034 1218 2095 enim
1237 2035 1360 2113 primus

189 2133 335 2195 stoeohus
348 2130 428 2192 nihil
443 2147 551 2193 rerum
570 2132 715 2193 omnium
734 2131 856 2193 mavult
873 2147 970 2209 quam
985 2131 1091 2209 pulvis
1104 2131 1185 2206 lieri,
1203 2138 1238 2193 ut
1253 2133 1359 2195 subito

189 2247 208 2292 e
226 2235 402 2307 conspectu
425 2229 566 2292 hostium
585 2229 717 2291 tollatur
740 2235 773 2291 et
796 2229 831 2289 in
851 2228 959 2307 aliqua
977 2228 1106 2307 Argivae
1126 2234 1222 2292 terrae
1239 2230 1360 2293 latebra

188 2327 417 2403 abscondatur;
428 2327 509 2389 alter
523 2344 600 2389 vero
613 2327 714 2388 satius
726 2332 818 2403 putat
829 2326 955 2405 laqueis
965 2326 1083 2400 emori;
1094 2327 1208 2389 tertius
1221 2328 1360 2406 denique

188 2426 295 2488 omnia
311 2426 372 2487 ista
390 2424 561 2504 posthabet
581 2425 609 2485 si
628 2431 666 2486 ex
688 2424 840 2486 solitariae
863 2424 1031 2486 cacumine
1052 2425 1198 2502 rupisse
1219 2425 1358 2504 dejicere

187 2524 338 2604 potuerit,
359 2539 467 2585 nonne
480 2522 638 2586 absonum
661 2527 711 2584 est
728 2521 869 2601 primum
890 2522 1052 2585 stoechum
1072 2538 1138 2585 non
1157 2522 1297 2602 amplius
1317 2524 1359 2586 de

186 2622 328 2685 latibulis
340 2622 492 2700 cogitare,
505 2622 564 2683 sed
579 2622 620 2684 de
634 2622 741 2683 lutura
750 2628 837 2683 sorte
846 2620 1048 2683 incuriosum
1063 2638 1137 2683 esse
1147 2638 1182 2683 se
1192 2621 1356 2699 profiteri‘l

185 2720 223 2783 In
246 2718 378 2782 stoechis
395 2719 494 2797 igitur
516 2719 761 2798 aequiescamus
779 2734 909 2791 censeo,
930 2719 1007 2780 dum
1027 2719 1123 2781 modo
1139 2719 1233 2781 solito
1250 2719 1354 2782 officio

184 2816 368 2895 iungantur,
388 2832 550 2896 suumque
569 2816 707 2896 quisque
726 2816 931 2894 stropharum
950 2832 1008 2894 par
1026 2823 1129 2878 canat.
1145 2816 1259 2894 Neque
1277 2816 1356 2879 huic

185 2916 378 2993 conjecturae
400 2914 507 2997 obstet
526 2913 614 2993 quod
632 2913 802 2993 paululum
821 2914 907 2975 inter
929 2930 965 2974 se
984 2913 1157 2975 dissentire
1174 2914 1355 2990 videantur,

186 3028 259 3075 cum
270 3012 357 3091 prior
364 3029 478 3092 parum
487 3010 668 3074 contravim
674 3011 1105 3090 praesidiiesseretus,etiam
1114 3010 1353 3089 siinpulverem
1368 3064 1371 3067 ,

178 3116 480 3181 ,convertatunmox
490 3109 668 3187 suspendio
682 3126 719 3171 se
733 3125 850 3171 necare
860 3108 978 3186 cupiat,
991 3108 1072 3171 alter
1086 3112 1194 3170 autem
1204 3106 1356 3186 gravissi·

184 3223 387 3269 mumesaxo
396 3223 506 3269 casum
513 3206 615 3284 pluris
624 3206 729 3283 faciat,
738 3211 1024 3269 extremusoontra
1034 3206 1182 3284 precibus
1192 3205 1355 3284 praecipue

185 3303 326 3366 confisus
340 3304 419 3366 deos
433 3304 625 3382 deprecetur
640 3322 683 3367 ne
696 3304 836 3367 invisum
851 3304 1038 3382 conjugium
1052 3304 1134 3365 inire
1149 3310 1292 3382 cogatur.

178 3460 182 3470 Δ
225 3402 316 3464 Unus
325 3408 433 3464 manet
443 3401 573 3480 cherua,
583 3402 734 3481 quianon
748 3403 783 3464 iu
793 3418 869 3465 eum
878 3402 987 3464 locum
996 3401 1165 3482 adducitur
1176 3407 1212 3463 ut
1221 3407 1276 3462 aut
1286 3417 1354 3463 mo-

184 3499 283 3561 natur
297 3505 353 3561 aut
365 3498 582 3562 foedissimum
594 3500 760 3562 servitium
774 3499 908 3576 serviat3
919 3516 1027 3576 neque
1040 3499 1081 3561 de
1095 3498 1240 3561 omnium
1253 3498 1351 3577 virgi·

177 3614 262 3665 ‚num
271 3597 559 3676 consensualiquid
568 3598 755 3673 detraxeris
763 3598 790 3658 si
798 3598 951 3676 quaeluce
961 3597 1022 3658 frui
1030 3596 1126 3659 simul
1137 3604 1168 3658 et
1176 3596 1351 3676 pessimam

178 3695 398 3771 ,conditionem
414 3694 556 3774 effugere
569 3696 670 3773 pluris
685 3695 843 3757 fecerunt.
859 3694 896 3756 In
916 3694 1121 3775 simplicitate
1133 3696 1268 3756 varietas
1285 3710 1293 3755 :
1310 3710 1348 3755 eo

181 3810 309 3875 semper
322 3794 410 3855 stetit
424 3809 476 3855 ars
489 3794 631 3871 AEschyli
647 3792 776 3855 chorica
787 3810 883 3869 aeque
897 3809 935 3853 ac
949 3793 1135 3855 dramatica.

220 3891 313 3952 Nunc
339 3909 369 3952 v.
390 3890 523 3953 sats-35
545 3908 610 3970 qua
635 3890 758 3953 ratione
783 3890 931 3952 distribui
958 3890 1085 3968 possint
1111 3889 1165 3951 alii
1189 3888 1347 3967 judicent.

213 4051 234 4098 l.
252 4048 356 4114 suppl„
370 4048 416 4100 ed.
437 4048 507 4111 1858,
522 4046 609 4099 Berol.
624 4074 654 4087 ·-
665 4047 724 4099 Vid.
742 4051 769 4100 h.
782 4049 842 4100 Vas.

210 4122 233 4169 2.
250 4120 343 4184 Suppl.
359 4120 513 4182 Commeat,
531 4121 595 4171 adn.
610 4116 677 4170 adh
699 4118 759 4172 Vssl

211 4192 233 4239 3.
250 4190 279 4240 L.
296 4206 329 4251 c.,
345 4205 371 4253 p.
386 4193 426 4243 60.

209 4264 233 4311 a.
248 4264 277 4311 a.
292 4277 325 4325 a,
340 4276 365 4326 p.
382 4265 421 4313 st.

211 4336 234 4383 5.
250 4334 278 4383 t.
292 4348 326 4395 c.,
339 4349 366 4395 p.
379 4336 418 4383 lt.

211 4407 234 4454 o.
252 4406 277 4453 ι.
293 4418 325 4464 a,
343 4420 369 4469 p.
385 4406 469 4455 sr-oe.
