3284 5200
673 470 864 533 -103-.

220 607 255 667 Iu
272 606 504 683 huncquoque
520 605 588 665 iere
603 606 737 666 modum
751 601 952 683 explananda
968 612 1044 668 sunt
1057 624 1132 685 quae
1145 607 1186 667 de
1199 606 1328 668 Atlante
1345 606 1354 672 ³

183 711 215 766 et
240 702 421 781 Typhone²
444 702 676 779 concinuntur,
700 720 765 765 non
787 705 828 764 ad
853 705 944 781 pejus
967 704 1196 782 detorquenda.
1224 704 1356 766 Minime

182 801 452 877 accessiooperis
473 802 545 861 haec
570 806 631 877 est,
657 817 763 877 neque
787 802 991 878 portiuncula
1014 802 1213 863 extrinsecus
1234 801 1320 862 illata
1344 818 1352 862 :

183 901 317 962 istorum
340 899 426 960 enim
450 899 614 976 suppliciis
638 898 815 959 absolvitur
836 899 956 958 summi
977 900 1029 959 dei
1048 900 1182 977 efligies
1206 900 1369 988 Itemque·

181 999 267 1059 haud
282 998 346 1058 scio
366 1015 406 1057 an
427 998 460 1055 in
481 997 574 1058 tertio
589 996 727 1073 trilogiae
748 1002 820 1057 actu
835 1014 909 1057 cum
925 997 1040 1058 ceteris
1054 996 1221 1058 Titanibus
1235 1003 1354 1073 praesto

180 1096 309 1167 fuerint,
323 1101 359 1156 ut
372 1112 410 1156 ex
426 1095 576 1155 fratribus
591 1094 753 1154 universis
767 1092 887 1154 chorus
902 1101 1074 1155 constaret.

219 1194 290 1254 Alia
309 1210 439 1270 quoque
464 1192 564 1253 multa
588 1192 799 1252 dehortantur
820 1206 862 1251 no
885 1192 1020 1252 rudibus
1041 1198 1146 1267 poetae
1169 1195 1262 1253 annis
1287 1200 1353 1253 tra·

181 1291 322 1371 guadiam
350 1295 492 1351 nostram
521 1290 754 1364 adscribamus
786 1289 1008 1350 machinarum
1035 1290 1159 1357 scilicet
1184 1290 1353 1352 diversitas

181 1406 261 1467 quas
287 1388 469 1449 Promethei
493 1386 589 1448 editio
613 1387 788 1464 flagitabat.
812 1388 991 1448 Oceanides
1017 1388 1177 1449 curriculo
1200 1406 1259 1465 per
1280 1400 1353 1449 aera

180 1488 220 1548 ad
244 1504 357 1565 rupem
385 1492 549 1547 convectas
575 1492 650 1546 sunt
669 1486 691 1545 ³.
719 1486 862 1557 Quarum
890 1486 959 1562 ipse
982 1492 1074 1563 pater
1099 1485 1245 1547 Oceanus
1268 1487 1352 1547 alato

181 1602 264 1663 equo
283 1584 426 1645 insidens
446 1601 512 1645 non
533 1584 615 1644 nihil
640 1583 734 1660 spatii
756 1583 963 1660 perlustravit
979 1582 1001 1644 ⁴.
1022 1584 1200 1655 Postremo,
1216 1590 1352 1645 exeunte

178 1683 295 1758 fabula,
316 1682 423 1757 tellus
447 1682 480 1742 id
507 1688 556 1743 est
579 1698 687 1754 scena,
713 1681 872 1760 quatitur;
891 1682 1011 1742 tonitru
1033 1687 1148 1741 sonant
1167 1687 1199 1742 et
1219 1682 1352 1742 fulmine

178 1780 337 1858 refulgent
356 1780 476 1852 omnia,
494 1785 526 1840 et
545 1779 765 1856 protagonista
784 1778 924 1855 procella
942 1777 1070 1840 coelitus
1089 1778 1228 1838 demissa
1249 1778 1350 1839 obnu-

178 1878 295 1939 bilatus
326 1878 469 1939 discissae
502 1877 592 1954 rupis
625 1876 797 1937 ruderibus
826 1877 981 1936 obruitur.
1012 1876 1227 1937 Praetermitto
1254 1876 1350 1937 etiam

177 1976 295 2053 quibus
309 1976 450 2036 artificiis
467 1980 564 2053 poeta
579 1974 729 2035 Titanum
749 1973 782 2034 in
801 1980 945 2035 extremo
967 1974 1124 2050 poematis
1142 1979 1214 2034 actu
1233 1972 1349 2035 advec-

176 2074 299 2135 tionem
318 2073 490 2152 paravcrit‚
513 2080 546 2134 et
571 2074 611 2133 ad
636 2073 878 2150 deposcendum
897 2072 1080 2134 Promethei
1097 2073 1189 2148 jecur
1205 2072 1351 2135 involans

175 2178 243 2232 tem
266 2188 359 2232 avem
381 2171 567 2232 ostenderit.
592 2172 708 2233 Utrum
734 2170 887 2231 tirunculi
909 2187 950 2229 an
973 2170 1116 2231 veterani
1140 2174 1268 2246 reperta
1288 2168 1349 2229 ista

172 2268 319 2347 judicas‘.l
848 2261 853 2271 '
1343 2313 1349 2334 ἵ.

215 2368 337 2429 Chorus
361 2373 519 2444 praetcrea
544 2366 635 2443 quasi
660 2365 854 2443 Euripideus
875 2382 948 2427 esse
970 2365 1108 2426 videtur.
1130 2364 1307 2426 Oceanides
1329 2381 1348 2428 e

175 2466 351 2543 longinquo
373 2467 502 2535 adsunt,
527 2464 748 2525 misericordia
769 2464 900 2542 quidem
923 2481 962 2524 ex
984 2463 1178 2542 aquatilibus
1198 2461 1348 2529 domibus

177 2564 350 2642 propulsae,
362 2580 476 2624 verum
491 2568 554 2624 eta
569 2562 710 2624 Caucaso
725 2568 865 2624 remotas
881 2563 976 2624 sedes
991 2562 1112 2637 colunt,
1128 2567 1159 2624 et
1173 2560 1214 2622 ab
1228 2561 1347 2622 Titanis

175 2668 259 2723 sorte
277 2663 470 2740 disjunctam
491 2667 612 2723 sortem
632 2667 772 2724 servant.
788 2661 876 2721 Nihil
896 2677 935 2721 ex
954 2651 1041 2721 illius
1055 2660 1236 2720 infortuniis
1255 2659 1296 2719 ad
1310 2675 1346 2722 se

175 2760 321 2838 trahunt,
344 2760 406 2820 nisi
428 2765 464 2820 ut
485 2759 545 2820 sibi
563 2761 629 2838 J'am
651 2759 876 2837 praescriptum
895 2757 1035 2818 habeant
1055 2758 1134 2818 deos
1155 2756 1346 2834 prudentius
1433 2803 1435 2808 .

174 2857 276 2934 magis
299 2875 396 2935 quam
424 2857 577 2918 libentius
604 2857 754 2919 venerari
774 2857 799 2932 ὅ,
825 2862 858 2917 et
880 2855 1043 2933 praecipue
1067 2870 1181 2916 cavere
1204 2870 1246 2915 ne
1270 2870 1345 2915 cum

173 2954 392 3033 superioribus
407 2955 571 3016 connubio
586 2955 822 3031 conjungantur
837 2953 861 3012 ⁸.
879 2953 1030 3030 Spectant
1044 2969 1109 3012 non
1123 2957 1238 3028 agunt3
1254 2967 1345 3028 spec-2

173 3056 245 3114 tatis
260 3053 478 3131 ingemiscunt
493 3070 559 3114 non
574 3054 808 3114 immiscentur.
822 3054 935 3128 ltaque
947 3057 1112 3112 externam
1124 3048 1233 3109 verius
1244 3065 1342 3125 quam

172 3150 318 3211 intimam
338 3151 520 3229 argumenti
542 3151 781 3227 portiunculam
803 3167 876 3222 esse
899 3149 1002 3222 dicas;
1024 3148 1226 3225 chorumque
1245 3146 1342 3205 istum

172 3264 237 3308 non
257 3265 333 3308 cum
355 3248 591 3326 dithyrambico
613 3265 707 3327 aeque
731 3265 768 3309 ac
789 3248 911 3325 tragico
930 3252 1078 3307 veterum
1098 3249 1264 3322 poetarum
1285 3243 1343 3304 sed

172 3362 245 3406 cum
273 3346 515 3424 insequentium
543 3348 642 3407 choro
672 3347 787 3406 merito
823 3345 984 3417 conferas¹
1015 3359 1111 3421 quem
1140 3347 1264 3402 certum
1292 3347 1342 3402 est

172 3443 205 3502 in
223 3444 421 3506 orchestram
436 3460 502 3505 non
518 3451 632 3522 sponte
647 3462 705 3505 sua
720 3461 825 3522 neque
839 3443 983 3504 materiae
998 3443 1137 3520 quadam
1150 3439 1342 3501 necessitate

172 3541 345 3602 adductum
366 3543 463 3618 vulgo
484 3541 623 3617 venisse,
637 3559 752 3603 rerum
772 3541 848 3620 quia
866 3541 1043 3618 antiquitus
1060 3539 1176 3599 tradita
1196 3538 1246 3598 lex
1261 3537 1342 3598 loret

171 3655 230 3714 per
253 3640 393 3716 agendas
416 3641 601 3718 tragoedias,
623 3640 897 3718 quemadmodum
921 3639 955 3699 in
974 3654 1071 3699 scena
1089 3642 1224 3712 actoros,
1246 3635 1289 3695 ita
1307 3635 1341 3694 in

170 3735 337 3797 orchestra
351 3737 474 3799 versari
487 3738 676 3800 choreutas

207 3833 297 3895 ,Inest
322 3851 453 3912 quoque
481 3852 693 3913 personarum
720 3834 926 3896 sermonibus
954 3833 1059 3910 plena,
1086 3836 1122 3891 ut
1146 3830 1189 3891 ait
1216 3830 1338 3901 Cicero,
