3284 5200
669 456 830 520 ⁴13—

163 588 343 652 carminum
359 593 483 664 natura,
503 605 578 668 quae
597 589 814 654 certissimum
827 596 883 654 est
896 608 956 655 seu
975 591 1113 673 singulis
1127 582 1186 654 seu
1206 585 1362 671 paucis-‘³'

163 688 253 749 simis
266 687 430 766 aptissima
446 704 518 749 esse
532 686 554 748 ¹.
571 689 694 767 Itaque,
710 696 747 750 ut
760 705 834 751 mea
848 681 960 768 opinio
974 690 1048 764 fert,
1064 693 1180 752 intres
1195 692 1348 754 stoechos·
1363 771 1366 774 ἦ
1437 720 1440 725 ·

162 785 224 848 tria
242 785 448 862 stropharum
465 785 555 864 paria
574 787 704 864 cadunt,
720 787 811 849 velut
824 804 869 848 ex
886 804 918 848 v.
938 788 1056 850 scr-58
1072 780 1230 867 conjicere
1248 789 1344 864 licet,-

127 942 130 948 ,
162 885 217 946 ubi
237 902 311 962 pars
325 885 554 948 choreutarum
571 884 650 946 alios
661 883 767 945 nihilo
785 885 893 946 minus
907 903 1004 964 quam
1019 886 1052 947 in
1069 903 1101 947 v.
1119 886 1181 948 140
1194 886 1346 949 adlocuti>

161 983 202 1044 ad
222 982 381 1060 ploratum
402 982 545 1043 incitant.
566 980 771 1059 Tripartitum
791 990 841 1043 est
859 982 993 1060 insuper
1010 983 1082 1062 ipsa
1100 985 1344 1046 sententiarum·
1386 1047 1390 1053 ,

161 1081 318 1142 varietate
334 1081 512 1158 eboricum,
528 1080 681 1158 quoniam
695 1079 799 1157 primo
815 1080 858 1141 de
872 1081 985 1158 patriae
998 1081 1233 1148 calamitatibus
1247 1087 1280 1143 et
1294 1082 1346 1144 de'

161 1178 288 1256 longius
298 1184 450 1255 provecta
459 1177 591 1238 suavita
605 1193 700 1238 senes
711 1182 846 1255 questus
855 1178 1005 1252 fundunt,
1016 1178 1134 1240 deinde
1146 1179 1347 1241 exhaustam*

161 1276 319 1338 militibus
344 1276 453 1336 Asiam
468 1276 649 1361 jactataque
672 1275 792 1352 AEgaeis
810 1276 963 1338 fluctibus
987 1277 1159 1366 Persarum
1179 1277 1345 1339 cadavera

162 1373 1344 1452 deflent‚postramobeorumAthenarumqueiram,·orbatasquesuorum

161 1472 274 1534 domos
287 1471 437 1533 flebiliter
448 1471 482 1531 in
495 1457 683 1532 memoriam
694 1477 857 1532 revocant.
875 1472 982 1544 Quare
994 1457 1212 1533 nou'multum
1227 1489 1334 1534 avero

161 1569 274 1646 aberit,
301 1569 329 1630 si
352 1569 429 1649 quis
453 1569 566 1629 nuntio
587 1563 769 1647 'proximum
791 1585 908 1630 senum
933 1569 1092 1643 ordinem,
1122 1571 1335 1631 dextrostatas

160 1667 294 1742 scilicet,
319 1666 352 1726 in
378 1666 526 1727 lacrimas
553 1665 755 1743 gemitusque
781 1667 922 1744 primum
950 1665 1070 1727 effundi
1095 1666 1232 1743 putabit,
1257 1680 1368 1744 pos-J

160 1771 277 1841 teaque
291 1763 390 1823 alium
410 1780 449 1824 ex
463 1763 542 1840 alio,
554 1762 599 1823 ita
617 1768 653 1824 ut
669 1780 688 1824 a
702 1779 799 1824 scena
817 1763 939 1824 sensim
958 1765 1057 1825 latius
1074 1765 1116 1824 ad
1137 1765 1334 1842 propinquos

161 1877 269 1923 caveae
284 1860 453 1921 choreutas
463 1860 605 1939 querelae
618 1866 748 1938 serpant
757 1860 1024 1940 orchestramque
1033 1863 1227 1938 compleant.
1241 1850 1347 1934 Quod*

159 1960 266 2037 ipsum
294 1957 444 2018 carminis
475 1957 607 2018 metrica
631 1965 793 2019 structura
816 1958 1027 2036 significatur,
1053 1976 1128 2020 cum
1153 1959 1342 2022 manifestis

160 2055 313 2135 gradibus
331 2057 528 2133 adaugeatur
542 2055 748 2134 stropharum
768 2056 923 2118 circuitus
936 2055 959 2129 ²,
976 2062 1008 2119 et
1022 2073 1153 2135 aequum
1174 2045 1215 2118 sn
1230 2057 1332 2118 maxi-

160 2171 230 2215 mas
249 2153 385 2215 canendi
407 2152 609 2215 difficultates
629 2153 718 2215 hisce
741 2153 916 2232 praecipuis
937 2155 1157 2216 cantatoribus
1176 2155 1342 2217 committi

160 2252 245 2313 inter
254 2267 337 2329 quos
352 2251 415 2312 dux
430 2251 519 2312 chori
534 2251 684 2329 emineat,
696 2257 728 2312 et
742 2251 798 2329 qui
813 2257 888 2312 ante
900 2258 1119 2330 spectatorum
1134 2253 1246 2314 oculos
1260 2268 1332 2330 pre·

161 2348 233 2426 pius
249 2353 431 2410 versentur.
1338 2393 1341 2400 .

199 2446 274 2522 Sed,
295 2441 441 2507 enarrata'
460 2445 548 2506 omui
570 2445 790 2508 Salaminiacae
815 2464 935 2526 pugnae
958 2448 1060 2518 clade,
1086 2453 1257 2525 postquam
1278 2446 1341 2509 diu·
1423 2514 1427 2521 ,

160 2544 322 2606 silentium
338 2543 475 2606 obtinuit
489 2544 663 2618 orchestra,
679 2545 811 2607 tandem
824 2545 1016 2623 coryphaeus
1030 2545 1064 2607 in
1076 2545 1210 2608 deorum
1226 2544 1339 2623 queri.

159 2637 284 2705 bundas
312 2660 425 2721 preces
453 2660 489 2703 se
516 2643 656 2705 demittit
682 2643 835 2722 (515·16),
860 2650 893 2705 et
922 2645 1113 2722 paulopost
1138 2644 1333 2722 anapaestica

159 2740 366 2819 hypermetra
394 2742 516 2814 recitat,
542 2740 660 2820 quibus
688 2741 848 2803 clauditur
872 2742 1052 2802 secundum
1081 2741 1272 2819 episodium‚
1300 2746 1333 2802 et

160 2839 200 2899 ad
220 2833 359 2916 primum
381 2838 549 2899 stasimum
571 2838 662 2916 quasi
682 2839 873 2915 proluditur.
896 2839 1037 2917 Longius
1060 2846 1168 2901 autem
1192 2845 1333 2918 systema

161 2934 299 3015 (532-47)
316 2936 406 2997 chori
420 2936 566 3014 principi,
586 2936 645 2996 etsi
658 2935 789 3014 quidam
805 2936 907 2996 critici
923 2942 1034 2996 vetant
1047 2936 1069 3013 ³,
1087 2953 1151 2996 non
1166 2936 1333 2997 choreutis

159 3034 330 3108 universis,
342 3028 560 3093 mandandum
573 3033 717 3094 essehoc
730 3032 849 3093 evincit
859 3033 946 3110 quod
958 3039 990 3093 et
1001 3039 1184 3111 anapaestos
1197 3033 1332 3094 recitare

159 3148 256 3209 quam
271 3131 409 3191 maxime
424 3130 587 3209 coryphaei
607 3136 672 3204 est;
693 3136 727 3192 et
743 3117 882 3191 liberum
900 3136 1029 3208 tempus
1048 3130 1115 3190 dari
1133 3146 1268 3191 necesse
1283 3136 1333 3191 est

158 3234 204 3300 ut,
232 3228 344 3289 relicta
371 3228 509 3289 statione
532 3244 601 3301 sua,
627 3227 793 3289 choreutae
814 3226 849 3287 in
867 3227 1010 3289 stoechos
1032 3227 1220 3305 digerantur
1242 3227 1270 3299 ⁴3
1298 3234 1332 3290 et

158 3325 423 3387 molestissimum
433 3324 484 3399 sit,
497 3341 572 3403 quae
585 3325 651 3401 iam
666 3324 803 3402 depictae
818 3325 946 3403 fuerint,
958 3326 1074 3386 iterum
1086 3325 1213 3386 achoro
1228 3324 1340 3386 solido·

158 3423 350 3484 feminarum
364 3423 635 3500 complorationes
648 3423 868 3501 cubiliumque
881 3423 1075 3484 vacuitatem
1088 3423 1240 3502 exprimi,
1251 3428 1284 3484 et
1297 3422 1330 3484 in

158 3521 331 3599 anapaestis
345 3521 419 3599 plus
431 3538 503 3582 esse
518 3521 638 3582 doloris
650 3538 748 3598 quam
763 3521 796 3581 in
813 3521 966 3583 trochaeis
981 3522 1033 3582 vel
1048 3520 1214 3599 logaoedis,
1231 3521 1330 3599 siqui-

158 3620 232 3680 dem
247 3619 451 3681 manifestum
466 3618 521 3681 fiat
533 3618 708 3699 insequens
722 3618 890 3680 choricum
907 3618 1086 3697 apartibus
1100 3619 1328 3681 choreutarum
1390 3618 1394 3625 '

157 3717 287 3785 cantari.
1022 3703 1024 3710 ’
1273 3764 1278 3774 .

197 3815 360 3876 Trifariam
380 3815 467 3876 enim
484 3815 583 3877 dividi
601 3832 632 3875 y.
653 3813 841 3875 548-97ve1
859 3821 1029 3877 contextus
1047 3829 1157 3876 rerum
1176 3814 1327 3875 demons-

171 4054 212 4101 vl.
227 4056 257 4103 0.
275 4054 397 4116 Rrenrxn,
411 4055 460 4104 Die
473 4054 610 4119 ulfpueob.
627 4054 763 4119 Traqodie,
780 4071 805 4119 p.
822 4058 861 4106 12.

188 4124 493 4187 2.1Vid.Connnnr‚Dic
511 4125 620 4187 Alth„
636 4141 662 4187 p.
681 4130 738 4187 rom
753 4154 785 4163 -
798 4127 866 4177 J.-H.
882 4128 1007 4177 ernnrch
1026 4119 1145 4189 sonuum,
1162 4127 1210 4176 Die
1227 4126 1328 4193 Eurby-

157 4192 240 4243 tbmic
254 4195 280 4245 in
295 4196 346 4244 dart
361 4195 559 4260 Gborqerdnqen
570 4198 619 4246 der
632 4197 768 4255 Griccbcn,
781 4210 808 4262 p.
824 4200 940 4248 cto-351.

169 4290 173 4295 ·
188 4267 212 4315 32
225 4265 285 4315 vid.
301 4266 429 4327 Coranos,
441 4266 528 4317 AEscb,
542 4269 627 4329 Pers,
642 4283 668 4330 p.
688 4269 806 4329 tlt-tim
821 4296 854 4305 —-
864 4270 1012 4332 Wrcxosrn,
1024 4270 1109 4320 AEsch.
1123 4272 1207 4331 Pera,
1219 4270 1282 4320 adn.
1294 4270 1328 4321 ad

157 4350 183 4387 v.
198 4336 313 4398 tabath
327 4361 359 4375 ω-
376 4338 534 4400 Huiusorrx,
545 4338 563 4389 l.
579 4348 611 4402 a,
628 4354 655 4403 p.
673 4342 711 4389 39.

170 4407 262 4458 feci.
278 4408 351 4459 J.·H.
367 4407 486 4473 Scaurus,
500 4408 592 4461 Antike
606 4410 884 4475 Compositionr-lelrre,
901 4426 926 4475 p.
942 4413 997 4462 475.
1015 4455 1019 4461 .
