3284 5200
661 488 700 506 -e
722 461 780 522 113
803 469 848 505 -·-’·

168 603 237 659 tare
253 594 423 676 (Choeph.,
437 594 579 675 819·37);
593 612 650 672 pro
666 596 822 657 universis
837 597 1012 658 decernere
1028 594 1146 676 (Eum,
1160 598 1222 661 eto
1236 590 1336 684 sqq.);

169 694 325 783 maximos
336 694 414 755 deos
426 694 549 771 precari
561 690 674 773 (Sept,
685 690 818 775 110-76)
824 712 833 769 ;
849 694 1103 771 protagonistam
1114 696 1254 773 aliquem
1271 706 1341 773 pre*
1371 722 1375 732 ·

170 792 263 853 cibus
288 808 413 869 urgere,
429 799 463 853 et
486 792 526 851 ad
542 792 783 853 miserationem
798 794 848 852 sui
868 792 996 853 mollire
1016 791 1154 873 (Suppl,
1171 793 1230 853 347
1249 793 1337 873 sqq);

168 889 275 951 felicia
289 890 470 968 hospitibus
482 896 633 967 exoptare
646 888 783 969 (Suppl,
795 888 853 949 631
871 888 961 969 sqq);
977 896 1033 950 aut
1047 890 1186 969 denique
1200 898 1342 956 extrema

169 988 272 1069 sequi,
285 994 317 1048 et
331 987 423 1049 fortia
433 1004 602 1063 capessere
618 985 756 1067 (Suppl,
767 987 828 1048 843
840 985 925 1070 sqq).
940 989 1076 1048 Prorsus
1088 995 1125 1049 ut
1141 990 1340 1050 voluntatum

170 1086 349 1146 constantia
371 1086 415 1145 ita
438 1084 624 1145 infirmitate
651 1090 806 1162 praestant
829 1085 1069 1155 aristerostatae,
1094 1092 1136 1146 et.
1153 1087 1249 1147 modo
1273 1087 1343 1146 ani-·

172 1196 298 1243 morum
319 1182 482 1243 ferocitate
501 1181 729 1259 insigniuntur,
753 1182 962 1243 modoetiam
982 1183 1023 1243 ad
1040 1184 1343 1246 vehementissimos

110 1305 112 1310 ·
147 1282 148 1285 ’
170 1288 279 1342 motus
291 1280 452 1342 faciliores
466 1286 552 1352 sunt,
569 1296 764 1360 semperque
780 1280 879 1341 rebus
892 1280 1023 1357 tragicis
1037 1281 1081 1341 ita
1096 1280 1279 1342 alliciuntur
1293 1288 1339 1359 ut,

169 1366 244 1457 quae
259 1366 534 1457 quisque'optime
548 1378 700 1458 cordatus·
717 1378 794 1438 inde
808 1377 949 1455 cogitare
966 1378 1018 1439 vel
1036 1379 1157 1439 sentire
1178 1364 1342 1456 possitae

168 1473 230 1553 ipsi
245 1477 374 1554 egregie
388 1476 523 1537 reddant
534 1481 567 1535 et
578 1474 743 1553 affingant.
760 1476 875 1553 Neque
888 1475 980 1536 cbori
992 1476 1106 1536 unitati
1124 1476 1223 1537 officit
1236 1494 1341 1538 mem·
1416 1533 1419 1536 .

168 1572 302 1636 brorum
324 1574 503 1635 diversitas.
524 1573 604 1635 Haec
622 1579 855 1651 quaternorum
873 1571 1043 1635 bominum
1062 1574 1245 1650 conjunctio
1264 1590 1340 1650 pro-

168 1671 257 1749 prios
284 1688 393 1733 mores
409 1676 545 1749 servat,
565 1670 738 1747 minusque
765 1670 984 1747 praestabilem
1011 1672 1217 1732 concordiam
1246 1672 1343 1733 babet

169 1786 267 1847 quam
290 1770 317 1829 si
342 1786 455 1830 omnes
483 1767 663 1829 concinant.
686 1766 855 1829 Interdum
878 1785 1009 1846 quoque
1032 1768 1116 1829 inter
1139 1787 1175 1829 se
1196 1770 1340 1847 aliquan·

168 1866 273 1930 tulum
292 1867 486 1945 discrepant.
504 1866 628 1944 ltaque,
650 1881 726 1925 cum
743 1865 795 1925 vel
818 1866 924 1925 unitas
946 1866 1150 1941 partitionem
1172 1867 1340 1937 sustineat,

54 2001 56 2007 .
168 1980 277 2043 neque
289 1982 308 2025 a
322 1970 435 2025 natura
450 1980 557 2040 neque
571 1963 612 2023 ab
625 1968 694 2023 arta
709 1961 851 2023 alienum
867 1970 944 2041 puto
959 1964 1095 2024 chorum
1110 1975 1347 2042 nonnunquam¹

169 2060 341 2123 discissum
355 2062 454 2123 fuisse
466 2068 498 2123 ot
511 2060 543 2121 in
559 2062 742 2139 praecipuos
754 2061 885 2144 ordines
899 2062 1107 2139 disjunctum,
1124 2063 1210 2123 unde
1222 2062 1255 2121 in
1269 2074 1343 2123 con‘·

168 2176 267 2222 sensu
281 2161 451 2238 disparitas
471 2158 856 2231 levissimarnasceretur,
872 2166 905 2220 et
923 2159 1021 2221 udam
1040 2176 1080 2221 ex
1099 2159 1245 2237 pluribus
1262 2154 1346 2222 con-⁴

78 2294 80 2301 ι
168 2264 289 2321 cretam
317 2275 391 2319 esse
420 2273 591 2337 personam
617 2262 803 2333 appareret,
832 2257 928 2317 simul
957 2264 990 2321 et
1017 2274 1058 2318 ex
1085 2258 1344 2319 dissimilioribus

168 2356 313 2419 moribus
332 2357 464 2417 mixtam
484 2363 516 2415 et
531 2360 758 2432 temperatam.
780 2354 954 2416 Dissonare
971 2356 1139 2433 aliquoties
1156 2357 1274 2417 multos
1287 2364 1343 2418 aut

170 2468 350 2516 consonare
365 2446 576 2514 dramaticum
592 2458 640 2513 est
654 2452 735 2514 illud
749 2458 781 2513 et
795 2452 986 2513 vilaeinstar
1000 2448 1183 2532 repertum..

205 2554 241 2614 5ο
258 2553 323 2614 Sed
344 2552 516 2631 aliquando
537 2550 645 2612 evenit
664 2557 701 2611 ut
721 2557 815 2628 poeta
837 2551 980 2612 stoecb‘os
1000 2551 1052 2612 vel
1072 2569 1151 2630 zyga
1170 2552 1349 2630 ampliores

168 2669 241 2714 esse
267 2658 374 2729 partes
388 2657 506 2729 ,putet3
532 2650 643 2726 itaque
665 2665 704 2708 ea
727 2649 817 2715 ebori
844 2652 989 2711 membra
1014 2651 1141 2728 attingit
1162 2652 1245 2712 ultra
1267 2669 1342 2731 quas

168 2749 248 2809 nihil
270 2749 409 2826 disiungi
431 2747 541 2824 possit.
569 2747 770 2824 singularem
795 2753 926 2806 cantum
949 2755 1093 2825 usurpat,
1116 2749 1242 2826 quoties
1266 2766 1340 2828 quaa

168 2847 310 2908 recentia
329 2863 369 2906 ex
386 2845 515 2922 tragicis
534 2843 769 2903 calamitatibus
789 2843 955 2904 choreutae
972 2845 1147 2915 senserint,
1171 2846 1342 2921 probibere

167 2943 237 3004 vult
256 2944 378 3004 nerito
398 2942 610 3014 obsolescant.
634 2941 716 3000 Dum
734 2940 823 3000 enim
842 2942 965 3001 sensim
987 2958 1044 3018 per
1062 2942 1207 3019 singulos
1226 2950 1338 3004 canta·

167 3047 265 3103 tores·
278 3025 413 3102 affectus
431 3040 595 3117 verbaque
614 3037 821 3099 moestissima
841 3039 1132 3112 communicantur,
1151 3041 1340 3116 producitur

167 3139 348 3218 crescitque
367 3138 526 3198 malorum
552 3152 734 3214 percussus.
753 3135 789 3195 In
809 3135 934 3196 threnis
953 3135 1051 3214 igitur
1067 3136 1236 3197 funebrem
1255 3153 1339 3198 mor-

167 3243 298 3298 tuorum
323 3237 598 3310 cantilenampar
625 3239 674 3294 est
701 3251 767 3294 non
796 3233 1001 3295 eboricorum
1027 3235 1092 3295 ritu
1114 3235 1240 3295 concini
1266 3252 1366 3313 quaa·

168 3333 505 3413 magnificentissimus
522 3347 631 3392 rerum
645 3331 879 3407 hominumque
899 3338 1072 3409 apparatus
1087 3333 1347 3405 comitetur-,sed

167 3429 208 3492 de
223 3447 312 3492 more
327 3432 528 3508 singulorum
547 3428 697 3507 querelas
712 3429 899 3490 exsuscitari
915 3447 998 3508 quos
1017 3431 1242 3497 defunctorum
1257 3430 1339 3490 desi·

167 3523 292 3588 derium
307 3533 415 3586 teneat
428 3527 543 3606 (Pers,
559 3526 705 3601 tour-lm
724 3527 826 3603 Sept,
842 3526 996 3606 8811960).

207 3622 240 3683 6⁰
256 3625 399 3700 Denique
413 3624 583 3702 AEscbylus
602 3624 774 3702 aliquando
794 3625 839 3684 ita
857 3634 1002 3687 commus
1022 3625 1189 3702 distinguit
1211 3631 1245 3685 ut
1264 3626 1341 3687 cho·
1398 3674 1402 3684 .

108 3765 111 3770 -
167 3721 308 3783 ricorum
323 3723 448 3797 species
462 3721 617 3802 impediat
632 3728 664 3782 ct
680 3722 825 3794 misceat,
838 3722 928 3783 velut
940 3722 973 3782 in
984 3723 1228 3801 Agamemnone
1241 3720 1342 3801 (1407·
1380 3712 1382 3715 ’

166 3818 259 3897 1576)
275 3820 352 3880 etin
368 3817 567 3900 Choepboris
583 3817 754 3897 (aot-478).
775 3819 839 3880 Sed
853 3819 888 3880 in
906 3819 976 3900 ipsa
991 3821 1220 3900 particularum
1235 3822 1340 3898 impli-

167 3917 292 3978 catione
306 3917 432 3993 singula
451 3915 657 3993 perspicienti
676 3922 801 3976 certum
818 3924 868 3976 est
887 3933 927 3977 ea
944 3934 1136 4006 quae‘supm
1153 3917 1340 3994 collegerim

167 4013 338 4091 lyricorum
355 4015 541 4092 praescripta
558 4019 684 4073 servata
699 4012 809 4088 fuisse,
826 4021 861 4074 et
879 4013 925 4074 nil
939 4015 1000 4074 nisi
1020 4013 1131 4082 solitas
1149 4015 1340 4076 melicorum

166 4111 307 4172 rationes
318 4117 372 4171 aut
382 4113 555 4172 alternatas
568 4111 667 4170 fuisse
681 4117 736 4169 aut
748 4110 961 4172 continuatas.
974 4112 1021 4172 De
1032 4111 1221 4189 supplicum
1231 4119 1339 4172 autem

166 4210 269 4271 exodo
286 4207 438 4290 (tols-74)
453 4209 604 4288 quoniam
619 4209 781 4285 singulare
792 4209 914 4286 aliquid
925 4225 1038 4285 praese
1051 4208 1114 4270 fert
1126 4216 1158 4270 ct
1169 4223 1337 4291 παραχορη
1399 4211 1410 4219 '

165 4295 307 4386 γήματος
324 4307 527 4383 adjunctione
543 4305 793 4376 etcanlantium
812 4304 944 4368 discidio
964 4324 1017 4368 res
1035 4306 1163 4367 chorico
1179 4308 1336 4380 turbatur,

168 4400 247 4462 nibil
262 4405 440 4471 secundum
453 4410 511 4465 aut
525 4404 630 4482 legem
646 4409 701 4465 aut
715 4405 983 4468 consuetudinem
997 4405 1150 4466 illustrari
1165 4411 1282 4481 potest.

274 4509 381 4564 Msunr.
1179 4509 1197 4565 8
