3284 5200
815 396 975 477 ..984

303 554 335 610 et
362 554 570 627 symmetram
599 548 786 609 canentium
814 547 1086 624 compositionem
1114 547 1280 609 exhibent.
1300 548 1479 609 Hemicho-

302 648 422 709 riorum
449 652 564 707 cantus
592 653 763 723 propterea
788 646 1089 723 rejiciaturquod,
1117 647 1144 705 si
1180 647 1353 706 choreutas
1380 664 1479 724 aequa

303 748 448 823 portione
469 747 621 823 sejungas
644 751 676 805 et
700 752 939 821 contraponaS‚
964 743 1032 804 bini
1058 744 1239 822 praesertim
1263 745 1476 817 eminebant,

301 846 493 923 coryphaeus
508 850 540 905 et
556 848 743 919 parastateS,
762 843 913 920 binaeque
933 843 1039 903 Furiae
1058 843 1179 919 primas
1196 843 1364 919 tenebunt,
1380 843 1478 903 tertia

301 945 491 1007 intenebris
506 946 631 1021 jacente
651 959 658 1003 :
678 961 742 1021 qua
762 944 919 1003 divisione
941 944 1051 1004 nescio
1071 962 1112 1004 an
1131 944 1347 1021 inelegantius
1361 945 1476 1005 incon-

301 1043 492 1120 cinniusque
520 1041 641 1117 aliquid
661 1040 797 1101 inveniri
827 1047 934 1117 queat.
959 1041 1128 1118 Equidem,
1149 1042 1298 1119 quamvis
1323 1042 1475 1101 novitatis

300 1140 421 1202 crimen
438 1140 583 1213 subeam,
598 1138 685 1200 aliud
705 1138 863 1215 experiar,
886 1146 930 1215 et,
944 1156 1018 1199 cum
1037 1139 1213 1217 ephymnia
1232 1140 1305 1211 ista,
1320 1139 1476 1199 Minervae

299 1239 434 1300 orationi
460 1237 601 1312 inserta,
631 1236 722 1315 quasi
753 1236 929 1313 incoeptam
961 1239 1235 1298 concertationem
1263 1238 1474 1313 continuent,

299 1336 417 1413 fingam
437 1336 542 1396 adhuc
561 1336 775 1396 accusatrices
797 1335 898 1395 verba
917 1336 1036 1411 iacere3
1058 1352 1165 1411 neque
1186 1351 1244 1411 per
1263 1334 1477 1412 coryphaeum

298 1434 445 1512 querelas
458 1432 564 1510 edent,
579 1433 637 1493 sed
655 1432 736 1508 ipsae
752 1440 888 1511 questus
903 1449 961 1508 per
976 1449 1012 1492 se
1025 1432 1250 1509 geminabant.
1268 1432 1476 1493 Stoechorum

297 1534 394 1611 igitur
408 1533 569 1611 principes
580 1534 741 1610 usurpabo
755 1552 761 1592 :
774 1550 849 1610 quae
861 1533 1060 1593 cantantium
1072 1533 1232 1609 angustiae
1243 1533 1283 1591 ad
1293 1532 1473 1607 dochmiOS,

297 1632 336 1692 ad
354 1648 523 1708 operosam
538 1631 599 1692 loci
616 1638 775 1708 naturam,
792 1630 889 1690 simul
905 1631 992 1689 etad
1007 1630 1180 1690 Furiarum
1197 1646 1368 1691 numerum
1383 1637 1474 1707 apta-

297 1728 430 1790 buntur.

304 1810 310 1863 '-
338 1827 400 1887 Sed
425 1832 585 1885 extremos
614 1826 749 1902 episodii
775 1826 939 1887 trimetros
964 1824 1130 1904 (aaa-902)
1158 1826 1331 1903 coryphaeo
1360 1842 1476 1885 omnes

296 1924 480 2001 deposcam,
495 1924 613 2000 rejecta
628 1924 797 1999 Hartungii
813 1924 985 1998 sententia,
1001 1924 1090 1984 unde
1106 1923 1156 1983 bis
1168 1924 1322 1999 deinceps
1335 1923 1473 2000 singulae

296 2021 400 2081 Furiae
431 2022 644 2099 loquuntur¹.
675 2021 849 2082 Parvulum
885 2023 971 2081 hunc
1004 2022 1220 2081 Eumenidum
1252 2020 1472 2098 Minervaeque

295 2135 479 2179 sermonem
503 2120 529 2179 si
551 2124 698 2179 accurate
720 2120 879 2196 exodum,
900 2126 1047 2179 occurret
1070 2120 1221 2179 eumdem
1242 2120 1332 2179 vocis
1353 2135 1471 2206 sonum

294 2215 326 2276 in
342 2234 373 2277 v.
388 2215 485 2277 aaa-8
502 2216 615 2289 audiri,
632 2223 663 2277 et
681 2234 712 2275 v.
729 2216 789 2276 900
808 2224 841 2277 et
859 2216 918 2276 902
932 2218 965 2277 id
981 2218 1137 2279 momenti
1155 2218 1275 2278 habere
1295 2223 1329 2277 ut
1349 2216 1410 2276 nisi
1430 2218 1472 2277 ad

294 2315 411 2374 ducem
434 2331 498 2375 non
521 2314 684 2375 attineant.
703 2314 886 2391 Principem
910 2315 997 2375 enim
1022 2315 1251 2377 choreutarum
1272 2332 1338 2376 non
1360 2321 1470 2375 autern

294 2410 445 2487 quemvis
461 2428 573 2471 eorum
589 2412 681 2472 decet
696 2413 739 2471 ab
752 2412 799 2472 ira
814 2412 970 2473 desistere

301 2550 304 2553 “
334 2569 343 2612 ¹
454 2568 553 2640 θέλξειν
569 2568 688 2651 μ’ἕοικας
704 2569 750 2632 καὶ
764 2569 934 2651 μεθίσταμαι
949 2574 1033 2631 κότου
1049 2570 1144 2651 (900),

293 2754 326 2809 et
339 2764 453 2826 rogare
468 2765 542 2826 quae
557 2748 659 2808 felicia
675 2749 746 2809 urbi
763 2750 886 2826 precari
901 2756 933 2810 et
949 2756 1103 2826 exoptare
1122 2748 1238 2809 debeat
1253 2765 1260 2807 :

451 2909 476 2968 τί
489 2899 532 2968 odo
547 2907 683 2989 μ’ἄνωγας
697 2909 754 2990 τῇδ’
772 2912 928 2994 ἐφυμνῆσαι
942 2909 1031 2990 χθονί;
1048 2907 1146 2988 (902).

292 3086 371 3158 Quae
395 3086 422 3145 si
448 3086 509 3146 illis
534 3087 689 3161 conferes,
716 3087 770 3148 ubi
798 3087 951 3147 Minervae
975 3086 1288 3163 Atheniensiumque
1311 3085 1468 3163 accipitur

291 3184 465 3261 hospitium
495 3182 590 3263 (894),
609 3203 675 3246 non
701 3188 761 3246 erit
786 3203 845 3247 our
864 3185 898 3244 in
922 3191 1010 3245 tanta
1034 3202 1069 3245 re
1091 3186 1201 3261 plures
1225 3201 1300 3245 cum
1327 3184 1471 3245 Minerva

292 3283 396 3358 egisse
412 3288 444 3342 et
456 3283 657 3344 consuluisse
675 3290 780 3360 putes.

330 3381 400 3439 lam
414 3397 493 3439 ¹vero
510 3388 686 3440 extremum
702 3380 818 3440 fabulae
834 3396 998 3440 commum
1016 3377 1195 3459 (916-1020)
1212 3379 1340 3440 chorice
1356 3380 1466 3457 expla-

293 3493 369 3537 nare
392 3477 516 3536 minimi
537 3479 655 3554 negotii
678 3478 749 3538 erit.
774 3478 950 3538 Sententiis
967 3479 1054 3538 enim
1074 3485 1106 3538 et
1124 3478 1325 3551 temporibus
1343 3477 1468 3538 melicis

291 3575 360 3635 istis
375 3575 637 3635 consimillimum
656 3581 706 3636 est
722 3593 796 3652 quae
810 3577 875 3651 jam
891 3576 1030 3651 legimus
1044 3576 1077 3635 in
1093 3576 1299 3652 Supplicibus
1315 3573 1465 3655 (aar-97),

293 3679 324 3733 et
337 3689 394 3750 pro
411 3679 577 3749 comperto
591 3674 749 3734 habemus
763 3675 804 3733 ad
821 3668 964 3735 s'toechos
978 3674 1152 3751 pertinere.
1164 3675 1347 3749 Hospitium
1361 3673 1467 3734 Furiae

293 3787 386 3847 aeque
404 3787 440 3830 ac
460 3771 616 3831 Danaides
636 3772 791 3843 obtinent,
809 3772 985 3850 faustisque
1006 3772 1169 3831 ominibus
1190 3772 1334 3848 hospites
1359 3786 1468 3848 prose·

293 3875 444 3945 quuntur.
468 3869 604 3945 Insuper
626 3870 894 3929 commatioorum
913 3876 1037 3930 naturae
1055 3870 1230 3945 decorique
1251 3869 1418 3944 accrescit,
1441 3868 1467 3927 si

195 4020 198 4025 .
294 3966 483 4028 consociatis
503 3967 679 4028 multorum
698 3968 834 4028 vocibus
853 3985 918 4027 non
938 3975 1104 4043 canantur,
1121 3969 1178 4028 sed
1198 3967 1368 4045 perpaucis
1389 3983 1465 4027 can-

293 4064 450 4126 tatoribus
474 4066 677 4139 delegentur,
702 4082 776 4126 cum
798 4083 948 4126 commus
969 4067 1014 4125 nil
1038 4066 1099 4125 nisi
1124 4066 1261 4142 lyricum
1285 4063 1467 4126 diverbium

295 4163 347 4223 sit.
368 4164 472 4236 Quare
500 4181 565 4224 non
592 4164 686 4239 longe
710 4182 729 4225 a
757 4181 792 4224 re
820 4164 983 4225 aberimus
1012 4182 1278 4243 unamquamque
1303 4163 1466 4243 syzygiam

328 4377 350 4423 l.
365 4372 451 4422 AEeclt.
468 4377 546 4436 trop,
565 4375 705 4424 tata-1855.
