3284 5200
805 446 966 510 ..88-

300 582 510 645 solertissima
524 582 601 643 artis
619 598 688 643 suae
708 581 927 643 declinatione
946 580 1068 660 effugit.
1086 582 1224 645 Solitum
1242 583 1477 645 choreutarum

301 697 472 742 numerum
492 681 628 754 induxit,
652 696 766 741 verum
792 686 859 742 tres
883 679 1085 741 stoechorum
1108 681 1218 753 duces,
1241 681 1274 741 ni
1302 681 1405 753 fallor,
1430 682 1477 741 ita

300 779 465 856 dignitate,
488 778 600 839 habitu
622 783 654 839 61
672 776 819 839 vestibus
843 777 988 855 insignes
1010 777 1095 838 inter
1116 784 1242 839 ceteros
1262 779 1412 851 reddidit,
1439 784 1478 840 ut

191 950 196 965 .
300 877 415 939 eximie
436 876 630 937 excellerent
651 881 684 937 et
706 875 870 953 praecipue
894 876 1170 951 conspicerentur.
1194 877 1295 952 Tum,
1320 883 1357 936 ut
1381 876 1477 954 quasi

298 973 461 1035 imminuti
484 974 524 1034 ad
548 974 714 1051 triadaque
742 973 867 1034 reducti
893 973 983 1033 chori
1008 990 1100 1034 error
1123 980 1337 1052 grassaretur,
1364 981 1475 1035 ternos

299 1071 397 1133 hosce
411 1088 565 1132 versuum
579 1070 741 1147 principes
760 1077 913 1131 canentes
933 1070 1126 1148 plerumque
1146 1071 1231 1148 iecit,
1247 1072 1338 1133 velut
1357 1070 1475 1133 melica

299 1170 481 1231 enucleanti
503 1174 644 1247 apparet.
668 1169 700 1229 Si
724 1168 797 1245 quis
820 1168 918 1245 igitur
936 1185 966 1227 v.
990 1168 1110 1230 lta-77
1130 1170 1311 1246 speciosius
1330 1175 1473 1230 ostenta·

299 1274 395 1344 taque
410 1267 536 1327 solenni
550 1266 755 1327 chorioorum
773 1266 1008 1343 hominumque
1027 1267 1119 1343 copia
1136 1273 1279 1328 cantatos
1299 1267 1471 1337 existimat,

300 1364 475 1441 perieulum
498 1371 548 1424 ast
565 1380 607 1424 ne
624 1364 762 1423 multum
781 1362 921 1425 aberret.
941 1364 1055 1442 Neque
1073 1364 1107 1423 in
1127 1363 1293 1425 orchestra
1311 1381 1419 1441 neque
1439 1364 1474 1423 iu

300 1461 468 1537 proscenio
491 1461 599 1522 Furiae
629 1460 757 1536 adsunt,
784 1458 840 1520 sed
869 1460 901 1520 iu
933 1460 1088 1537 Delphico
1115 1462 1237 1537 templo
1266 1467 1386 1521 coactae
1415 1477 1475 1538 per

301 1562 464 1652 στροφεῖον
484 1567 767 1645 prospectantur¹3
788 1567 833 1627 ihi
857 1583 945 1641 veru,
969 1572 1101 1644 propter
1128 1568 1289 1628 machinae
1312 1568 1475 1645 spatiique

301 1668 508 1744 exiguitatem
537 1674 707 1743 ceteraque
735 1666 857 1725 aedium
886 1665 1118 1741 impedimenta
1144 1683 1219 1743 quaa
1247 1666 1288 1726 ad
1313 1666 1475 1743 Apollinei

300 1764 413 1847 templi
436 1764 678 1825 similitudinem
695 1764 929 1840 veritatemque
948 1762 1105 1823 credibile
1123 1770 1173 1823 est
1192 1764 1291 1824 fuisse
1310 1780 1473 1841 expressa,

300 1862 550 1939 haudquaquam
590 1862 711 1922 circum
748 1862 896 1921 Orestem
935 1861 1115 1921 saltatorias
1156 1861 1277 1939 tiguras
1313 1862 1476 1939 explicare

165 1949 169 1957 ’
194 1975 198 1983 “
301 1958 692 2036 potuerunt.Quare,qoae
705 1957 746 2018 de
760 1959 892 2019 incusso
902 1964 975 2034 post
983 1974 1102 2033 vagum
1117 1959 1288 2020 Furiarum
1298 1959 1475 2019 adventum

274 2056 276 2061 ’
301 2056 520 2133 spectantibus
541 2062 664 2116 terrore
682 2055 856 2115 scholiasta
876 2056 1044 2116 tradiderit
1058 2054 1081 2128 ²,
1098 2073 1163 2116 nou
1185 2056 1264 2116 falsa
1285 2073 1368 2131 esse,
1384 2054 1476 2117 velut

302 2153 468 2215 Elkerus³
483 2153 664 2231 conjectare
683 2150 821 2228 videtur,
836 2169 942 2229 neque
956 2154 998 2213 ad
1012 2160 1158 2214 nostrum
1176 2154 1337 2230 pertinere
1351 2155 1473 2226 locum,

301 2268 375 2330 quae
392 2249 523 2311 Weilii⁴
537 2251 695 2311 sententia
710 2257 770 2321 est,
785 2251 843 2310 sed
860 2250 893 2309 iu
907 2266 940 2311 v.
956 2250 1069 2310 ateis
1083 2252 1199 2311 cadere
1214 2252 1396 2328 putandum
1411 2258 1473 2312 est.

302 2349 424 2409 Deinde
444 2348 530 2410 istud
551 2347 716 2409 choricum
734 2348 812 2424 quid
831 2347 886 2424 sit,
902 2354 935 2409 et
953 2354 1063 2408 utrum
1079 2350 1219 2425 paredus
1231 2365 1250 2409 a
1264 2365 1295 2409 v.
1310 2350 1371 2409 255
1385 2349 1473 2409 occi-

301 2446 377 2522 piat,
394 2446 477 2506 sicut
499 2446 703 2507 Hermanuus
722 2443 876 2516 marulii,
897 2462 939 2506 an
951 2461 982 2506 ν.
1001 2443 1113 2505 lla-‘17
1135 2463 1192 2523 pro
1212 2446 1342 2523 paredo,
1358 2446 1473 2507 255-77

302 2551 409 2605 autem
438 2558 495 2622 pro
523 2542 697 2621 epiparodo
730 2541 871 2604 habendi
899 2542 975 2617 sint,
1003 2544 1090 2622 quod
1118 2544 1217 2605 satius
1248 2545 1474 2606 Aschersonus

303 2641 424 2715 duxiti,
442 2648 478 2702 ut
495 2641 535 2702 ad
555 2657 630 2702 rem.
649 2641 756 2702 minus
776 2641 930 2702 idoneum
954 2658 1100 2720 quaerere
1120 2643 1244 2702 omitto.
1262 2643 1329 2703 Hoc
1348 2648 1474 2703 tautum

303 2755 487 2801 asseverare
512 2739 616 2800 ausim
644 2739 805 2814 canticum
838 2745 997 2813 nostrum,
1026 2741 1173 2818 quamvis
1199 2741 1310 2816 parodl
1345 2741 1475 2801 nomine

303 2837 467 2898 honestari
482 2837 594 2914 possit,
612 2841 742 2914 propter
761 2836 852 2898 chori
872 2825 1119 2898 coarctationem
1135 2839 1294 2898 modiolus
1306 2838 1359 2915 agi
1373 2838 1474 2898 salta·

304 2937 395 3012 rique
406 2934 429 3007 7,
446 2941 478 2996 61
493 2935 688 3012 singularem
704 2935 800 2996 modo
814 2942 943 2996 cautum
960 2935 1116 3011 recipere.

315 3092 318 3095 ,
343 3033 450 3094 Prima
476 3033 563 3092 enim
592 3033 719 3110 syzygia
751 3049 858 3111 noque
890 3032 1182 3105 hemichoriorum,
1209 3049 1317 3110 neque
1347 3039 1477 3108 quater·

304 3148 418 3193 norum
436 3131 493 3192 sed
512 3130 609 3190 trium
628 3131 853 3191 tautummodo
872 3131 1057 3192 canentium
1073 3131 1209 3207 vestigia
1228 3130 1362 3207 praehet.
1383 3129 1475 3190 Post·

304 3246 400 3303 quam
419 3229 570 3306 princeps
586 3227 682 3290 iuria
699 3227 792 3289 alteri
813 3245 963 3288 somnum
983 3228 1133 3299 excussit,
1155 3229 1421 3306 praescripsitque
1440 3235 1477 3289 ut

304 3327 430 3389 tertiam
449 3326 590 3386 vicissim
609 3326 879 3404 expergefaceret,
898 3327 986 3396 nulla
1004 3332 1184 3387 ceterarum
1201 3327 1363 3399 mentione
1381 3326 1474 3387 adhi-

337 3564 358 3609 1.
374 3560 416 3610 Sic
435 3573 543 3622 quoque
567 3564 731 3610 censuerunt
747 3561 891 3610 Muellerus
912 3561 998 3621 (Eum.
1016 3563 1164 3618 comment,
1180 3576 1205 3624 p.
1227 3562 1291 3624 165),
1309 3563 1477 3613 Maeuuelius

305 3631 333 3694 (t.
349 3647 381 3689 c.,
398 3645 424 3693 p.
437 3633 498 3695 l-2),
511 3631 672 3680 Zerueelrius
688 3631 735 3688 (De
747 3631 819 3680 chor.
837 3631 916 3694 Soph.
927 3635 955 3680 et
968 3631 1066 3690 AEsch,
1080 3646 1104 3692 p.
1120 3633 1215 3696 21-22),
1226 3639 1279 3682 616.

318 3728 321 3733 “
336 3705 359 3753 2.
375 3702 437 3760 τινὲς
450 3703 476 3752 δέ
486 3722 561 3766 φασιν
578 3705 602 3752 ἐν
617 3709 646 3775 τῇ
660 3702 773 3760 ἐπιδείξει
791 3708 839 3752 τὼν
854 3703 996 3767 Εὐμενίδων
1011 3706 1140 3767 σποράδην
1158 3701 1325 3769 εἰσαγαγόντα
1342 3707 1383 3755 τὸν
1398 3706 1477 3772 χορὸν

305 3778 423 3826 τοσοῦτον
435 3777 554 3836 ἐκπλῆξαι
569 3775 611 3824 τὸν
629 3777 747 3837 δῆμον...
764 3774 898 3836 (matters,
916 3780 935 3823 t.
953 3775 997 3836 ΙΙΙ,
1014 3789 1040 3837 p.
1055 3779 1089 3837 l).

336 3849 359 3896 3.
375 3845 483 3895 Dissert.
498 3846 530 3895 de
551 3845 629 3895 choro
644 3844 742 3902 AEach,
765 3860 790 3908 p.
810 3847 864 3895 llll.
880 3872 908 3882 -
924 3846 1065 3895 Maanuelii
1080 3851 1170 3896 autern
1190 3848 1383 3911 conjecturam,
1397 3848 1476 3898 acho-

305 3919 390 3968 llastaa
401 3917 504 3968 scilicet
518 3920 637 3968 notulam
654 3918 687 3967 ad
704 3917 921 3979 Choephororum
934 3931 958 3968 ν.
967 3919 1026 3967 1661
1039 3921 1206 3980 spectare,ut
1218 3919 1353 3968 insolitam
1366 3918 1477 3969 silentio

306 3990 482 4054 praetermitto
498 3990 525 4052 (l.
540 4005 572 4049 c,
588 4004 613 4051 p.
630 3991 664 4051 6).
723 4029 725 4034 .

337 4064 359 4111 l.
376 4060 502 4126 Choeph.,
517 4063 559 4111 ed.
574 4062 643 4121 1866,
659 4074 683 4122 p.
700 4062 740 4118 22,
753 4059 819 4108 adu.

336 4136 359 4182 5.
376 4133 477 4196 Opuac„
495 4139 513 4181 t.
530 4132 563 4191 ll,
578 4132 614 4180 De
629 4129 669 4178 ch.
683 4131 771 4187 Eum,
786 4145 811 4193 p.
830 4132 883 4181 135.

336 4207 359 4251 6.
375 4203 690 4268 Depor.etepipor.,p.
707 4205 736 4251 12
753 4204 835 4252 6128.
872 4227 874 4235 .
1435 4245 1439 4254 .

319 4277 358 4323 .l.
375 4277 451 4338 Apud
468 4274 558 4323 Mutur
575 4274 753 4336 (Monumeala
771 4273 893 4338 antiques
907 4273 1015 4331 inedita,
1033 4271 1085 4321 vol.
1107 4272 1127 4332 l,
1147 4285 1173 4334 p.
1190 4273 1245 4333 263,
1263 4273 1299 4336 pl.
1317 4271 1389 4333 xxrx)
1402 4270 1475 4322 rosis

305 4344 408 4408 antiqui
424 4358 578 4407 expressam
592 4345 725 4409 picturam
744 4345 835 4394 videre
850 4347 901 4404 est,
914 4343 960 4394 ubi
975 4347 1074 4392 nostra
1092 4342 1200 4403 iabulae,
1215 4347 1245 4392 ut
1261 4343 1297 4392 ita
1314 4342 1414 4402 dicam,
1428 4355 1474 4392 res

305 4416 410 4466 scenica
426 4416 576 4476 eructuem,
590 4420 617 4466 61
634 4416 703 4466 biuae
719 4419 823 4465 tautum
842 4415 929 4463 Furia
949 4414 1050 4464 Orestae
1065 4413 1240 4477 insequentes
1254 4413 1473 4477 conspiciuntur.
