3284 5200
836 410 996 475 ..yy-

349 548 535 611 ‘Postremo
561 547 846 627 quemadmodum,
871 546 1013 626 ejulante
1038 546 1122 607 intra
1137 542 1301 624 AEgistbo,
1322 541 1509 624 episodium

328 661 404 709 vere
420 646 575 724 tragicum
593 652 744 723 quattuor
758 644 911 733 trimetris
930 645 1152 715 inchoaverat,
1168 644 1283 706 ita‘bis
1301 650 1508 707 cruentatum

327 744 464 806 iambico
483 743 628 805 ternione
648 742 788 822 (931·34)
808 743 982 816 concludit,
1004 743 1200 821 laetaturque
1220 743 1309 821 quod
1325 744 1415 821 regia
1432 759 1508 821 pro-

291 884 294 889 ·
328 858 421 921 pago,
438 843 478 903 de
490 859 555 921 qua
568 842 664 903 modo
678 842 903 918 gravissimam
922 857 1034 901 curam
1050 840 1259 919 suscepisset,
1275 840 1362 901 haud
1376 842 1508 918 penitus

327 939 514 1023 deperierit.
900 953 902 958 ·
942 953 944 956 ’
1472 957 1474 963 ’

367 1038 578 1115 Snbjunctum
598 1044 705 1098 autem
720 1036 890 1097 stasimum
909 1036 1161 1098 choricaeansas
1175 1037 1230 1099 dat
1244 1038 1503 1100 enodationem

232 1201 234 1205 Α
327 1134 411 1196 binis
424 1136 510 1223 enim
523 1134 676 1196 collatum
690 1141 739 1195 est
753 1134 901 1213 syzygiis,
918 1135 951 1194 in
969 1134 1090 1213 quibus
1105 1132 1220 1196 arctior
1233 1135 1407 1196 verborum
1421 1152 1503 1196 con·

231 1222 234 1228 ’
328 1233 465 1295 cinentia
479 1232 618 1293 maxime
630 1232 824 1310 perspicitur
839 1232 860 1293 ¹.
877 1230 1001 1293 Similia
1014 1238 1124 1293 autem
1139 1232 1301 1293 similibus
1316 1234 1504 1312 contraponi

327 1336 370 1406 et,
390 1330 423 1391 in
442 1329 691 1407 antistrophicis,
712 1330 951 1407 strophicorum
968 1330 1038 1391 sive
1057 1330 1235 1391 sententias
1256 1330 1503 1392 sive-vocabula

325 1428 535 1506 ipsorumque
554 1427 785 1489 vocabulorum
805 1445 923 1490 sonum
943 1428 1055 1489 reterri
1074 1428 1206 1506 proprie
1225 1429 1267 1488 ad
1290 1444 1386 1506 aeque
1407 1428 1504 1489 divisi

325 1525 414 1586 chori
424 1532 553 1589 cantum
568 1525 716 1602 pertinet.
733 1526 845 1603 Itaque
859 1526 893 1586 in
907 1541 1052 1587 errorem
1072 1525 1206 1586 minime
1225 1525 1369 1603 rapietur
1383 1526 1502 1604 siquis

325 1623 472 1701 chorum,
496 1623 552 1701 qui
573 1638 641 1684 av.
664 1622 724 1685 872
745 1623 917 1700 proculab
939 1623 1108 1700 proscenio
1130 1623 1277 1697 secessit,
1300 1623 1335 1683 in
1356 1624 1500 1685 medium

325 1738 437 1781 rursus
460 1722 647 1798 procedere,
666 1727 699 1784 et
714 1722 750 1781 in
769 1721 968 1783 hemichoria
990 1720 1105 1783 instrui
1130 1721 1267 1798 putabit,
1291 1728 1326 1781 ut
1347 1721 1499 1799 strophas

250 1823 253 1827 ’
324 1816 605 1897 antistrophasq'ue
623 1819 754 1881 alternis
773 1824 891 1880 cantet.
914 1819 963 1880 Ad
980 1818 1065 1879 hanc
1084 1818 1289 1879 Hermaoni⁴
1304 1820 1499 1881 sententiam

325 1914 528 1977 Wecklinius
537 1916 548 1949 ³
558 1917 694 1978 accessit
708 1918 824 1995 etipse
838 1916 1100 1995 suffragationem
1113 1917 1233 1977 adiero.
1245 1916 1331 1978 Illud
1341 1923 1501 1995 praeterea

323 2014 505 2089 argumenti
533 2014 616 2074 loco.
631 2012 763 2091 ponitur
790 2030 830 2075 ex
853 2013 1051 2074 dochmiacis
1075 2013 1225 2091 strophas
1245 1998 1401 2075 collectas
1425 2030 1500 2076 esse

301 2191 303 2195 Ι
323 2110 478 2183 numeris,
499 2110 618 2189 quibus
637 2110 849 2189 opportunior
866 2111 922 2171 liat
942 2127 1059 2173 vocum
1082 2112 1239 2189 paucitas,
1260 2118 1293 2173 et
1312 2111 1497 2173 canentium

323 2207 576 2270 deminutionem
597 2215 768 2288 propterea
784 2207 960 2269 desiderari
981 2198 1068 2287 quod
1087 2210 1128 2270 ad
1147 2209 1368 2272 concinendos
1385 2226 1499 2273 versus

323 2304 694 2367 intercalaresneoesse
724 2307 765 2366 sit
797 2306 951 2367 mulieres
979 2323 1054 2367 mox
1082 2307 1330 2384 conjungantur.
1356 2307 1401 2366 Ex
1419 2320 1496 2385 *quo

324 2403 410 2463 enirn
425 2402 593 2464 Verralius.
606 2404 640 2463 in
661 2402 790 2463 chorico
813 2410 924 2465 nostro
948 2403 1211 2481 epiphthegmata
1233 2404 1334 2465 latere
1354 2404 1496 2481 suspica·

323 2506 376 2562 tus
393 2507 442 2561 est
455 2500 477 2577 ⁴,
493 2507 526 2561 et
544 2500 760 2561 Kircbboffius
775 2499 785 2533 ⁵
800 2501 1156 2579 Wilamowitziusque⁸
1177 2507 1282 2578 poetae
1303 2502 1496 2579 scripturam

322 2599 543 2670 restituerunt,
561 2598 733 2677 ephymnia
745 2599 780 2659 in
789 2598 968 2676 legitimam
976 2599 1087 2660 sedem
1102 2600 1236 2662 reducta
1250 2605 1336 2661 sunt.
1350 2600 1430 2672 Quae
1440 2601 1495 2678 qui

322 2696 473 2771 universo
489 2697 588 2758 choro
598 2704 713 2758 renuet
722 2714 792 2758 rem
803 2697 965 2758 choricam
975 2697 1117 2758 turbabit
1129 2714 1272 2775 omnem,
1283 2704 1315 2759 et
1328 2699 1496 2778 epiptheg·¹

323 2793 438 2858 mattea
456 2793 577 2871 pariter
595 2811 634 2855 ac
657 2794 888 2871 antistrophica
907 2795 997 2855 nullo
1016 2793 1202 2856 discrimine
1222 2793 1364 2856 habebit.

362 2891 551 2968 Stropbulas
576 2897 688 2952 contra
711 2889 1092 2971 anapaesticas(1007-9;
1116 2891 1376 2972 1018-20)·,quae
1395 2899 1495 2954 moes·

320 2989 452 3050 tissimis
480 2989 603 3051 Orestae
632 2990 852 3051 narrationem
879 2989 1047 3052 sententiis
1076 2989 1261 3062 concidant,
1286 2989 1340 3050 vix
1365 2992 1493 3070 estqui

320 3086 482 3148 choraulis
507 3087 665 3148 universis
689 3089 822 3149 credere
843 3088 930 3164 velit,
951 3089 1032 3149 adeo
1051 3087 1257 3166 hypermetra
1277 3087 1375 3150 etiam
1394 3089 1493 3168 lyrica

320 3199 450 3254 omnem
472 3190 673 3246 cantatorum
691 3185 976 3262 congregationem
995 3185 1214 3247 reformidant.
1231 3185 1435 3264 Quapropter
1449 3203 1492 3248 ne

320 3281 518 3346 bemichoria
540 3281 672 3360 quidem
686 3282 824 3343 libenter
838 3283 1015 3355 instituam,
1029 3283 1128 3344 veluti
1152 3283 1372 3361 frequentiora
1393 3286 1493 3362 quarn

321 3385 356 3439 ut
382 3381 481 3440 hosce
502 3395 654 3440 numeros
673 3381 726 3440 vel
745 3381 924 3442 secundum
947 3381 1191 3458 paracatalogen
1212 3381 1359 3443 recitent.
1381 3381 1492 3443 Hemi-

319 3475 503 3537 choriorum
522 3477 623 3537 duces
639 3476 679 3536 ad
698 3477 847 3537 melicum
866 3477 962 3538 istam
981 3477 1204 3539 recitationem
1218 3478 1335 3540 melius
1355 3479 1489 3552 fuciunt,

320 3590 458 3652 quorum
478 3573 642 3651 stropham
664 3574 869 3652 coryphaeus,
887 3576 1120 3654 antistropham
1139 3590 1218 3638 vero
1238 3582 1414 3654 parastates
1430 3576 1492 3638 sibi

318 3678 458 3748 sument,
474 3672 517 3732 lta
538 3677 572 3732 ut
586 3688 663 3749 quae
678 3671 766 3733 vices
784 3672 818 3732 in
837 3672 983 3733 canendo
1007 3678 1151 3734 extremo
1171 3673 1304 3735 stasimo
1324 3674 1490 3734 alternatae

268 3850 272 3858 ,
318 3768 393 3842 sint,
405 3787 453 3831 eae
464 3768 568 3831 adhuc
581 3770 615 3830 in
628 3769 791 3848 episodica
802 3771 1007 3832 captiuncula
1020 3770 1255 3836 declamitanda
1269 3777 1486 3849 perseverent.

350 3962 371 4008 1.
385 3959 421 4009 Gi.
437 3960 511 4023 ἔμολε
528 3957 570 4022 μὲν
585 3957 684 4008 δίκα....
701 3957 774 4020 ἔμολε
791 3951 833 4024 ὃ’ᾧ
850 3957 916 4021 μέλει
934 3983 966 3991 -
982 3951 1116 4023 βαρύδικος
1132 3953 1248 4006 notum...
1266 3953 1403 4020 δολιόφρων
1415 3954 1490 4004 ποινά

316 4055 347 4064 -
361 4029 434 4094 ἔμολε
444 4029 489 4087 δ’ἑς
504 4029 621 4092 dhysum...
637 4029 701 4092 ἔθιγε
715 4026 762 4078 δ’ἑν
779 4025 850 4094 μάχᾳ
866 4053 898 4062 -
911 4024 981 4090 πάρα
997 4027 1026 4076 τὸ
1045 4032 1096 4088 φῶς
1112 4024 1213 4074 idaim...
1225 4023 1295 4090 πάρα
1309 4023 1337 4074 τὸ
1354 4031 1405 4086 φῶς
1420 4023 1490 4073 ἰδεῖν.

348 4103 371 4148 2.
387 4101 424 4148 lle
440 4113 468 4148 re
481 4113 558 4158 seem,
573 4113 599 4162 p.
614 4101 642 4148 10
658 4101 684 4148 et
695 4099 733 4146 15.

348 4174 371 4220 3.
386 4161 465 4219 Ascli.
483 4170 567 4220 Orest.

348 4244 370 4292 l.
386 4240 498 4290 Journal
510 4241 544 4302 os
553 4239 703 4304 Philolopy,
717 4238 759 4298 lx,
773 4240 802 4287 l'l
815 4251 848 4299 s,
864 4252 889 4300 p.
906 4238 951 4286 lll
965 4251 1024 4300 sqq.

349 4313 371 4360 5.
385 4311 472 4362 AEseb.
487 4312 576 4375 Trop,
593 4310 662 4360 1880.

348 4385 371 4430 t.
389 4382 446 4432 ind.
461 4381 542 4431 schol.
560 4381 715 4446 Gryphium,
731 4381 800 4442 tutu,
817 4393 844 4441 p.
859 4381 910 4429 dd.
