3284 5200
797 396 957 509 -or-

289 584 420 645 can'tum
438 582 672 645 contumaciter
685 581 773 669 intus
785 582 932 659 accipere
945 597 985 641 ex
999 596 1064 658 quo
1078 580 1208 657 Argivae
1223 597 1322 641 naves
1336 581 1377 643 ad
1388 582 1462 647 Tro

286 681 394 759 janam
414 686 534 741 terram
554 680 738 758 adpulerint
754 677 905 760 (978-87),
929 685 972 756 et,
993 679 1141 757 quamvis
1163 683 1290 751 nautas,
1306 696 1343 739 re
1361 678 1465 741 fauste

288 778 487 857 feliciterque
514 785 620 857 gesta,
651 778 788 839 reduces
816 776 920 838 oculis
948 781 1075 853 cernat,
1105 782 1215 837 tamen
1246 781 1463 853 praemetuere

290 874 400 938 dolum
424 880 467 953 et,
488 883 524 937 ut
547 875 593 936 ita
617 876 733 949 dicam,
756 891 867 936 secum
888 873 1060 935 Furiarum
1073 872 1250 935 funebrem
1269 874 1463 935 cantilenam

289 974 481 1051 praeaudire,
497 973 656 1051 nequead
668 989 760 1049 spem
772 971 889 1034 adduci
901 988 997 1050 posse
1010 969 1164 1052 (987-93).
1177 971 1292 1033 Nonne
1304 971 1416 1034 ordine
1431 976 1464 1033 et

182 1144 184 1147 .
290 1072 413 1133 ratione
435 1072 496 1132 ista
515 1070 665 1132 concludi
683 1068 854 1132 videntur?
866 1070 994 1143 Nonne,
1017 1070 1044 1130 si
1063 1069 1142 1147 quid
1160 1068 1211 1130 vel
1228 1069 1463 1146 aliquantulum

291 1168 662 1246 divellasabrumpatur
675 1167 789 1245 lyricae
809 1166 1100 1246 argumentationis
1115 1166 1227 1243 series,
1240 1166 1462 1228 indissociabi-

289 1269 421 1351 lemq'ue
431 1275 592 1344 unitatem
613 1274 772 1352 disjicias?
784 1275 858 1335 Jam
873 1270 962 1347 vero,
980 1280 1016 1335 ut
1029 1274 1161 1351 stropha
1179 1262 1209 1351 β’
1221 1290 1287 1335 non
1303 1273 1408 1334 efficta
1422 1272 1465 1334 sit

286 1364 337 1432 'ad'
357 1371 600 1433 similitudinem
614 1372 761 1453 ‚istorum
783 1368 1099 1451 versuum‘(750-8l)
1124 1371 1179 1449 qui
1198 1371 1265 1447 jam
1284 1370 1465 1449 conjunctis

291 1462 381 1530 chori
398 1469 532 1531 vocibus
553 1469 759 1549 indiguerint,
775 1486 883 1531 nonne
900 1470 1041 1531 occurrit
1054 1486 1094 1531 ea
1109 1469 1142 1528 in
1156 1468 1222 1544 fine
1235 1468 1350 1529 cantici
1366 1485 1463 1531 exuo·

289 1559 383 1645 ¹gitari
403 1573 436 1628 et
453 1567 604 1645 explicari
620 1564 777 1647 (toto-33)
791 1584 867 1646 quae
881 1568 982 1630 totins
993 1584 1059 1628 non
1075 1572 1185 1628 autem
1198 1566 1359 1627 dimidiati
1372 1566 1462 1627 ideo-

287 1682 356 1743 que
381 1664 544 1726 imminuti
572 1665 662 1727 chori
686 1650 911 1727 anctoritatem
931 1665 1090 1744 poscant‘l
1115 1665 1165 1725 Ad
1188 1667 1361 1741 summam,
1386 1680 1462 1725 cum

286 1762 407 1823 *fatetur
432 1763 562 1837 chorus,
586 1764 648 1823 nisi
672 1780 909 1841 supervacuum
935 1762 1051 1824 habeat
1084 1761 1224 1823 latorum
1250 1762 1397 1823 ordinem
1420 1762 1462 1822 ab

293 1866 414 1921 aeterna
437 1860 490 1920 via
514 1860 685 1938 declinare,
709 1861 853 1922 futurum
873 1861 973 1921 fuisse
991 1867 1028 1922 ut
1051 1876 1160 1937 regem
1182 1859 1223 1921 de
1244 1858 1463 1936 praedivinatis

204 1956 207 1960 ’
292 1956 474 2018 infortuniis
486 1956 657 2018 certiorem
671 1956 793 2031 fecerit,
809 1965 919 2021 utrum
933 1958 1026 2018 divisi
1038 1975 1080 2018 an
1094 1957 1229 2035 legitimi
1244 1957 1335 2017 chori
1351 1973 1462 2018 vocem

291 2054 403 2118 audist
417 2054 502 2116 Num
519 2060 554 2115 tu
572 2054 713 2117 dimidiae
732 2056 917 2117 canentium
930 2056 1013 2133 parti
1029 2056 1092 2118 hoc
1105 2056 1277 2117 consilium
1292 2055 1383 2115 dabis
1398 2071 1462 2132 qno

292 2158 324 2214 et
346 2154 450 2215 nodus
471 2152 589 2215 fabulae
614 2154 767 2233 expediri,
796 2154 922 2233 etipse
945 2154 1144 2232 Agamemno
1171 2152 1325 2230 effugium
1349 2153 1463 2214 mortis

290 2251 463 2313 adsecutus
482 2252 587 2313 essetl
718 2236 733 2264 ⁵

332 2348 399 2409 Sub
419 2348 539 2409 chorici
558 2349 656 2410 finem
675 2348 909 2427 Clytemnestra
920 2366 970 2411 ,ex
989 2350 1114 2411 aedibus
1129 2347 1305 2426 egreditur,
1322 2348 1460 2410 Cassan·

291 2445 447 2523 dramque
466 2445 557 2519 jubet
580 2446 664 2507 intro
690 2447 792 2523 abire3
815 2447 891 2509 dein
915 2448 1128 2509 reluctantem
1148 2446 1290 2523 superbe
1309 2444 1462 2521 relinquit

293 2540 461 2623 (loct-68),
476 2543 659 2622 chorusque
674 2544 924 2607 misericorditer
939 2561 1042 2607 servae
1057 2545 1173 2607 suadet
1184 2542 1460 2606 moremdominae

290 2648 380 2717 gerat
400 2639 568 2722 (totto-71).
584 2642 648 2704 Sed
668 2641 797 2705 fatidica
816 2643 967 2705 flebiliter
985 2643 1133 2722 queritur
1153 2643 1241 2720 quod
1259 2642 1300 2702 ab
1315 2641 1461 2719 Apolline

291 2739 324 2798 in
343 2739 464 2816 regiam
481 2740 525 2800 ita
541 2739 666 2817 pridem
686 2741 843 2820 sanguine
858 2741 1040 2804 delibutam.
1050 2741 1218 2818 compulsa
1232 2740 1274 2800 sit
1287 2737 1460 2821 (tota-97);

290 2842 360 2897 tum
378 2836 630 2914 Agamemnonis
646 2839 812 2919 ipsiusque
827 2846 966 2901 mortem
984 2839 1176 2900 vaticinatur
1191 2837 1366 2918 (tlon-ta).
1382 2839 1462 2910 Quae

291 2933 422 3013 quidem
445 2935 553 2996 omnia
574 2936 658 2998 inter
679 2936 850 2999 choreutas
873 2936 1090 2998 diversissime
1114 2953 1133 2995 a
1153 2935 1274 2998 criticis
1296 2934 1463 3012 dispertita

284 3030 438 3116 suntsi.
463 3033 667 3094 Hermannus
687 3035 791 3111 primo
817 3034 973 3096 iambicos
997 3034 1108 3112 tragici
1137 3033 1273 3095 diverbii
1301 3033 1463 3094 trimetros

292 3125 455 3208 (tout-tt)
483 3131 655 3208 coryphaeo
678 3133 833 3209 permittit
846 3130 867 3205 ¹,
893 3133 935 3195 de
960 3131 1083 3195 melicis
1110 3138 1219 3193 autem
1243 3131 1393 3192 versibus
1408 3130 1462 3191 ‘sic

292 3231 425 3288 censet:
446 3227 621 3306 «singulos
641 3230 794 3308 deinceps
812 3231 995 3304 choreums,
1012 3236 1044 3292 et
1061 3229 1183 3307 primos
1198 3229 1330 3308 quidem
1345 3244 1461 3290 novem

292 3324 378 3384 solos
401 3323 524 3386 iambos
548 3325 671 3404 dicere3
692 3328 853 3390 decimum
876 3334 909 3390 et
925 3326 1146 3399 undecimum,
1170 3327 1272 3404 magis
1287 3329 1354 3405 jam
1373 3342 1461 3387 eom·

292 3427 397 3482 motos
411 3421 452 3482 ab
466 3421 581 3484 iambis
595 3426 731 3487 transire
746 3428 785 3488 ad
801 3427 984 3500 dochmios;
999 3425 1143 3504 reliquos
1157 3431 1310 3503 quattuor
1323 3425 1462 3501 deniqne

292 3519 575 3592 vehementissime
594 3525 798 3600 perturbatos
820 3525 898 3586 solis
916 3524 1076 3586 dochmiis
1091 3524 1261 3586 horrorem
1275 3539 1371 3584 suum
1385 3538 1460 3600 pro-

293 3615 370 3676 dere
385 3614 396 3648 ²
412 3635 441 3677 n.
464 3617 501 3678 0.
523 3619 723 3682 Muellerus³
744 3623 905 3684 trimetros
925 3619 1128 3703 (tots-1111)
1147 3621 1283 3700 singulis
1300 3619 1463 3680 choreutis

287 3707 370 3777 ’κατὰ
390 3710 471 3804 ζυγὰ
493 3717 606 3779 locatis
629 3720 770 3794 mandat,
794 3721 919 3800 reliqua
943 3727 1052 3781 autem
1082 3719 1217 3782 senibus
1244 3719 1289 3779 ita
1315 3717 1463 3778 concedit

292 3827 328 3882 ut
356 3821 461 3882 sexies
485 3818 552 3880 bini
580 3817 761 3896 concinant.
787 3816 1034 3896 Westpbalius⁸
1054 3816 1234 3879 diverbium
1262 3815 1397 3902 lyricum
1422 3831 1460 3875 ex

292 3919 418 3996 integro
438 3918 610 3998 coryphaeo
630 3916 809 3979 committit.
833 3914 998 3977 Kecliiusl
1018 3933 1048 3976 v.
1071 3914 1206 3976 tort-tt
1228 3927 1380 4007 argorum
1400 3912 1461 3971 dn-

324 4141 346 4187 l.
362 4140 399 4187 De
411 4153 439 4187 re
452 4153 531 4197 scen„
546 4151 574 4198 p.
593 4137 634 4185 tt.

324 4211 346 4258 2.
361 4209 437 4269 itta,
452 4223 478 4270 p.
495 4210 577 4258 tl-tt.

323 4283 347 4329 3.
361 4281 449 4340 Eum,
462 4279 617 4340 Gottingen,
633 4280 702 4338 1883,
718 4291 744 4338 p.
757 4279 840 4327 tt-tt.

324 4354 347 4399 4.
364 4350 469 4409 Pr·ol...,
484 4364 510 4411 p.
527 4352 580 4400 193.

324 4423 347 4469 5.
360 4421 387 4468 t.
401 4435 433 4480 c.,
450 4435 478 4482 p.
496 4421 541 4469 373
553 4423 580 4470 et
592 4420 648 4469 393.
758 4451 761 4456 -

1628 3929 1636 4031 i
