3284 5200
796 465 950 528 .„,ss„,

286 599 418 677 kliniuS,
434 599 585 670 Keckius,
597 599 756 680 multique
771 600 825 661 alii
840 615 980 678 quorum
995 597 1126 659 nomina
1141 613 1303 676 operaque
1317 611 1460 673 comme·

286 698 431 771 morabo,
454 698 582 776 quoties
607 697 742 775 hujusce
769 697 917 775 opusculi
946 696 1025 758 ordo
1055 695 1241 772 postulabit,
1265 693 1459 773 segregatim

285 795 473 874 AEschyleas
483 795 607 855 fabulas
621 795 821 868 evolverunt,
836 793 1000 871 propriam
1012 793 1150 871 quisque
1165 792 1205 854 de
1221 791 1460 868 interpretando

286 895 488 956 choricorum
508 898 604 953 cantu
625 891 802 952 doctrinam
815 891 924 952 laturi.
940 891 1000 952 Vix
1019 907 1059 952 ex
1076 890 1130 951 illa
1148 891 1314 968 praestanti
1333 896 1461 951 caterva

285 996 489 1054 secesserunt
508 988 729 1066 Westphalius
753 987 763 1023 ²
786 995 820 1051 et
841 988 1084 1050 Heimsoethius
1106 988 1118 1023 ¹
1143 1006 1151 1048 :
1177 1004 1253 1048 curn
1276 1004 1353 1049 vero
1376 1004 1462 1048 unus

287 1091 411 1152 nullum
441 1088 528 1150 aliud
557 1103 767 1149 censurarum
795 1103 929 1149 suarum
956 1087 1136 1149 subsidium
1165 1086 1334 1164 repererit,
1365 1102 1463 1165 quam

289 1187 426 1265 experiri
454 1190 597 1246 extrema
624 1185 888 1263 adulterinosque
915 1184 1059 1264 profiteri
1087 1184 1204 1263 Agam.
1234 1201 1269 1245 v.
1300 1180 1460 1258 tale-713,

286 1284 406 1365 quibus
431 1283 589 1343 stabiliter
617 1282 764 1345 innititur
790 1282 968 1345 Hermanni
991 1282 1194 1360 conjectura3
1217 1298 1358 1362 cumque
1384 1282 1464 1344 alter

290 1381 342 1444 vel
367 1379 529 1459 coryphaei
552 1396 672 1441 munus
694 1381 872 1455 sustulerit,
898 1381 1046 1443 exsulare
1063 1380 1162 1459 jubeo
1184 1385 1366 1442 commenta
1389 1395 1483 1458 quae.

289 1478 411 1541 nemini
426 1479 586 1557 placuisse
600 1479 761 1541 videntur.

327 1579 396 1655 -Ego
411 1593 487 1639 vero
502 1594 577 1655 quae
591 1583 639 1639 tot
651 1593 763 1640 rerum
781 1576 1027 1655 AEschylearum
1046 1576 1251 1656 indagatores
1270 1577 1463 1639 invenerunt

289 1676 456 1752 nonnulla,
473 1675 528 1754 qui
540 1692 632 1737 meus
647 1682 716 1738 erat
729 1676 762 1736 in
778 1683 906 1754 poetam
920 1680 1070 1737 nostrum
1085 1692 1186 1750 amor,
1200 1676 1265 1753 jam
1281 1681 1374 1737 antea
1390 1691 1463 1736 sus·

287 1775 412 1854 picatus
425 1789 513 1834 eram
530 1790 628 1851 quam
646 1791 686 1835 ex
704 1773 836 1835 illorum
854 1773 1009 1835 doctrinis
1029 1773 1209 1835 certissima
1226 1791 1366 1852 quaeque
1383 1772 1463 1833 liba·

286 1871 417 1934 vissem.
437 1872 532 1931 Nunc
554 1871 652 1948 igitur
670 1871 805 1948 pristina
821 1887 894 1932 mea
912 1871 1052 1949 quaesita
1072 1876 1246 1934 retractare
1265 1871 1371 1949 cupio.
1392 1872 1465 1932 Non

287 1968 365 2048 quin
386 1967 657 2045 locupletissimos
680 1973 829 2028 auctores
852 1966 976 2029 acriore
998 1968 1118 2028 mentis
1139 1969 1288 2030 acumine
1309 1968 1462 2046 omnique

287 2082 408 2144 genere
435 2064 644 2125 humanitatis
671 2081 867 2142 exsuperare
894 2064 1072 2127 insolenter
1097 2065 1212 2140 velimq
1237 2066 1307 2139 sed,
1333 2065 1461 2144 quando

287 2164 471 2226 criticorum
491 2162 638 2241 plerique
657 2168 712 2223 aut
730 2179 799 2224 rem
819 2163 962 2239 AEschyli
977 2163 1140 2224 scenicam
1154 2161 1374 2234 turbaverunt,
1391 2169 1459 2240 aut,

286 2262 443 2326 rationem
458 2277 551 2321 suam
564 2260 752 2322 instituente
766 2263 885 2322 aemulo
900 2261 1055 2339 quodam,
1071 2261 1179 2322 statim
1193 2267 1306 2322 contra
1319 2260 1378 2321 niti
1395 2260 1458 2321 fes·

286 2359 470 2421 tinaverunt
483 2358 642 2435 simplicia
656 2375 713 2437 pro
727 2359 815 2420 falsis
829 2358 1001 2433 habentes,
1013 2359 1076 2421 hoc
1089 2359 1168 2420 mihi
1182 2374 1275 2420 sumo
1290 2364 1336 2432 ut,
1349 2357 1461 2419 accitis

287 2456 417 2523 aliunde
433 2455 598 2528 subsidiis,
617 2472 727 2517 meum
746 2462 855 2518 tamen
872 2456 1031 2535 judicium
1051 2473 1207 2534 promam
1228 2456 1325 2518 simul
1344 2462 1461 2518 elnon

287 2570 384 2617 unam
402 2554 624 2615 tantummodo
644 2559 699 2617 aut
713 2555 859 2634 alteram,
876 2555 970 2617 sicuti
986 2561 1198 2617 assueverunt
1216 2554 1329 2632 critici,
1345 2569 1460 2616 verum

288 2669 402 2715 omnes
414 2652 555 2730 AEschyli
571 2651 695 2713 fabulas
710 2653 897 2731 singillatim
910 2654 1164 2733 summatimque
1175 2652 1378 2733 perspiciam.

320 2872 344 2920 1.
357 2868 544 2933 Prolepcmena
562 2884 596 2919 zu
610 2868 750 2936 AEscltylus
766 2872 922 2937 Trepidien,
935 2873 1052 2937 Leipzig,
1066 2874 1135 2925 1869.

319 2942 343 2992 2.
358 2942 479 3005 Beitrdpe
491 2956 540 2991 zur
548 2941 678 3007 richtigen
689 2943 797 2994 Lecltire
808 2945 858 2995 der
867 2946 1047 3010 griechischen
1057 2947 1187 3010 Dromon3
1199 2948 1260 2999 Vom
1277 2948 1402 3012 Vortrape
1414 2946 1461 2998 dea

291 3011 394 3076 chorea,
406 3014 493 3075 Bonn,
505 3014 575 3064 1811.
