3284 5200
683 433 844 496 ..47-

128 565 136 575 '
178 576 289 633 autem
308 567 455 645 protinus
469 566 550 626 alter
563 564 699 627 nuntiet.
718 563 780 627 Sed
795 583 814 626 a
828 566 915 626 senis
929 565 1076 643 personis
1095 564 1258 627 trimetros
1276 580 1350 642 gre·

179 669 278 747 gatim
297 665 498 744 pronuntiari
517 679 683 742 nunquam
706 664 822 740 patiar;
841 663 949 742 itaque
971 663 1128 740 potiorem
1148 663 1256 724 Weilii
1271 679 1349 724 sen·

179 767 312 828 tentiam
327 762 411 824 duco
425 762 480 841 qui
494 762 592 822 hosce
606 761 770 822 choraulis
785 761 921 838 singulis
938 761 1108 823 committit
1123 761 1147 831 ¹3
1162 762 1214 822 vel
1229 761 1348 838 potius,

180 863 331 942 quoniam
346 860 474 921 sinistra
486 858 629 934 nuntius
648 859 758 920 dextra
770 875 848 920 vero
863 859 1010 920 Eteocles
1024 858 1214 936 ingreditur,
1227 858 1348 931 malim,

180 977 256 1022 cum
274 959 383 1021 Mutilo
402 959 424 1034 ²,
445 956 718 1020 hemichoriorum
738 956 937 1034 principibus
955 957 1012 1017 uti.
1035 956 1097 1017 Sed
1117 956 1203 1016 illius
1222 958 1349 1033 conjec-

179 1065 284 1120 turam
298 1057 457 1117 invertam
473 1071 481 1116 :
497 1056 606 1134 itaque
620 1073 651 1115 v.
670 1053 787 1116 369-71
804 1059 973 1132 parastatae
991 1054 1220 1132 permittentur
1233 1054 1300 1133 qui,
1316 1054 1350 1114 in

179 1163 358 1242 AEsohyleis
370 1162 546 1240 tragoediis,
564 1163 854 1223 aristerostatorum
873 1162 981 1223 locum
992 1158 1025 1242 γ’
1041 1161 1203 1223 sinistram
1220 1161 1351 1222 intuens

179 1265 219 1325 de
234 1279 325 1325 more
336 1277 494 1338 usurpare
508 1259 646 1336 videtur,
657 1259 887 1321 stellantem
900 1260 1072 1338 coryphaeo
1084 1260 1125 1321 ad
1135 1259 1349 1322 dexteriorem

179 1377 304 1448 portam
318 1384 486 1444 converso,
503 1367 586 1428 utin
601 1367 738 1429 statione
756 1355 787 1443 β’
805 1367 922 1444 posito.

219 1469 289 1541 Qua
308 1474 376 1529 arte
396 1484 426 1528 v.
442 1464 505 1527 375
519 1483 589 1544 sqq.
606 1464 752 1543 dispositi
767 1465 853 1526 etad
867 1464 1042 1543 lyricorum
1056 1470 1265 1542 symmetram
1279 1481 1350 1543 spe·

179 1566 262 1628 ciem
282 1565 345 1626 sint
364 1563 510 1640 ordinati,
528 1579 593 1624 uon
613 1579 723 1624 meum
743 1570 793 1624 est
811 1562 988 1638 disputare,
1006 1562 1082 1641 quia
1098 1562 1280 1624 luculenter
1297 1563 1351 1623 alii

181 1680 251 1725 rem
264 1663 504 1724 illustraverunt
519 1661 542 1739 ⁸,
559 1667 592 1722 et
606 1661 736 1739 proprie
750 1661 886 1737 hujusce
904 1660 1005 1722 libelli
1020 1660 1100 1722 ratio
1113 1677 1179 1722 non
1191 1661 1345 1738 postulat.

179 1761 229 1823 Ad
244 1761 410 1837 interjecta
420 1759 534 1821 melica
546 1760 640 1820 venio
650 1776 726 1837 quae
738 1758 960 1836 Westphalius
972 1774 1088 1819 vocare
1102 1756 1351 1836 repeisodische
1426 1804 1431 1813 .

179 1859 396 1922 Chorliedern
415 1857 535 1935 optimo
546 1857 620 1935 jure
634 1856 738 1935 potuit
751 1856 776 1933 ‘3
797 1873 856 1918 cur
871 1863 980 1917 autem
998 1857 1082 1917 inter
1100 1855 1272 1917 choreutas
1286 1855 1349 1917 dis-

180 1957 380 2019 tribureutur
400 1955 586 2033 paucissimi
611 1956 843 2033 quaesiverunt.
866 1953 994 2014 Mustius
1015 1971 1111 2031 unus,
1133 1954 1221 2032 quod
1238 1952 1348 2023 sciam,

176 2054 387 2127 hemichoria‚
410 2069 469 2131 pro
491 2070 550 2114 sua
573 2052 818 2131 consuetudine,
844 2051 973 2129 expedit
987 2051 1012 2114 ⁸.
1029 2052 1107 2112 Mihi
1128 2057 1236 2113 autem
1259 2051 1352 2113 aliter

177 2154 292 2231 placet.
314 2152 377 2213 Fac
399 2151 487 2212 enim
509 2151 627 2213 chorus
651 2150 684 2211 in
705 2151 797 2212 binas
820 2157 928 2228 partas
952 2150 1127 2228 digeratur,
1148 2149 1297 2229 sequitur
1315 2157 1351 2211 ut
1374 2155 1381 2166 ‘

177 2258 412 2321 hemichorium
433 2255 463 2312 α’
483 2265 551 2320 tres
570 2258 731 2335 strophas
754 2264 821 2320 tres
844 2272 920 2319 vero
943 2256 1161 2335 antistrophas
1183 2255 1351 2318 hemicho-

176 2365 261 2426 rium
287 2354 320 2442 β’
345 2364 478 2426 alternis
501 2371 629 2426 cantare
653 2370 819 2443 cogantur.
846 2364 939 2437 Quod
963 2363 990 2424 si
1011 2363 1108 2442 igitur
1129 2363 1178 2425 sic
1200 2363 1350 2425 alternari

176 2463 263 2525 vices
278 2469 310 2524 et
325 2462 600 2540 elegantissimum
620 2467 678 2540 est,
702 2467 734 2524 at
754 2463 922 2523 materiam
939 2461 1169 2524 controversiae
1186 2478 1252 2523 nou
1273 2478 1351 2540 sug·

175 2561 270 2640 gerit,
293 2561 368 2641 quia
389 2577 464 2623 curn
487 2567 555 2623 arte
578 2557 720 2640 AEschyli
743 2551 873 2622 chorica
895 2566 1032 2639 constat,
1054 2562 1110 2639 qui
1131 2566 1166 2622 tu
1191 2559 1349 2637 importu-

178 2677 253 2721 nam
267 2660 500 2721 sententiarum
515 2650 753 2738 verborumque
771 2659 956 2721 iterationes
975 2660 1059 2721 ferre
1078 2658 1221 2738 poteris‘l
1235 2658 1351 2720 Nonne

179 2767 291 2830 eadem
311 2767 472 2829 cantilena
490 2772 625 2830 canetur
644 2767 683 2839 si,
699 2772 870 2846 postquam
883 2766 1120 2829 hemichorium
1135 2762 1166 2820 α’
1181 2766 1215 2827 in
1231 2766 1350 2844 prima·

179 2864 310 2953 stropha
324 2864 440 2926 dixerit

437 3038 484 3100 τδν
497 3042 567 3118 ἀμόν
580 3062 625 3099 νυν
638 3038 789 3100 ἀντίπαλον
802 3040 930 3121 εὐτυχεῖν

436 3135 494 3198 θεοὶ
509 3138 591 3210 δοῖεν,
606 3140 643 3205 ὥς
657 3134 699 3197 διδι
713 3136 791 3205 δίκας
804 3138 915 3205 πόλεως

436 3238 581 3318 πρόμαχος
593 3233 706 3317 ὄρνυται
720 3233 870 3315 llll-19),

176 3428 264 3491 idem
287 3445 400 3492 rursus
422 3426 457 3490 in
478 3428 620 3492 secunda
638 3427 771 3507 stropha
792 3444 880 3506 aegre
905 3426 1037 3490 mutatis
1055 3426 1222 3491 vocabulis
1241 3429 1347 3491 excla-

177 3524 276 3589 mabit

436 3684 584 3767 ἐπεύχομαι
599 3683 630 3760 δὴ
644 3685 710 3747 τάδε
725 3687 774 3765 μὲν
789 3710 821 3747 οε
835 3690 943 3766 τυχεῖν,

436 3781 468 3843 ἰὼ
481 3782 604 3867 πρόμαχ’
619 3786 692 3864 ἐμῶν
707 3782 844 3862 δόμων...
861 3766 1024 3864 (481·85)ῖ
1109 3780 1112 3785 ’

206 3978 230 4026 1.
246 3975 359 4039 δορίονυ,
374 3974 417 4026 ed.
432 3976 503 4026 1867.
785 3999 788 4003 ·

205 4048 229 4095 2.
245 4046 298 4095 Der
315 4046 383 4095 Olor
397 4046 427 4096 in
441 4047 489 4096 den
506 4045 600 4097 Staben
612 4046 655 4096 des
664 4045 810 4110 Aisclrplos,
829 4060 855 4109 p.
869 4048 952 4096 15-15.

204 4119 227 4168 8.
243 4116 310 4167 Vide
324 4116 443 4179 ,ausen
464 4116 559 4182 (Fleuit.
582 4116 688 4179 latro,
709 4120 780 4178 1858,
796 4123 815 4168 t.
839 4116 961 4178 LXXVII,
977 4130 1004 4179 p.
1026 4118 1071 4167 'loa
1092 4118 1154 4181 sqq)
1174 4117 1221 4182 qui
1243 4120 1346 4180 sepiem

176 4186 300 4251 periodos
315 4188 343 4237 in
358 4188 431 4239 hunc
443 4188 554 4239 modum
565 4187 675 4251 conjicit
689 4204 696 4237 t
709 4191 748 4238 21.
762 4191 851 4252 15,15,
866 4192 903 4245 15,
920 4190 959 4248 21,
968 4188 1007 4236 21.
1018 4189 1098 4239 21.-
1111 4189 1149 4239 Cl.
1162 4188 1249 4250 wm,
1265 4185 1346 4238 Fleck.

174 4257 277 4320 latro..
292 4259 361 4321 1861,
377 4274 403 4323 p.
417 4261 463 4309 381
477 4273 536 4323 sqq.
716 4262 1041 4322 &1:239

207 4331 231 4379 l.
248 4328 353 4392 Prol...,
368 4344 395 4393 p.
410 4332 424 4380 9
440 4334 467 4381 et
480 4344 507 4395 p.
521 4332 575 4381 189.
694 4365 697 4372 -
919 4330 922 4335 ’

207 4402 230 4450 5.
244 4400 298 4451 Der
312 4399 420 4464 Cium„
432 4415 460 4467 p.
474 4404 557 4473 15-18.
