<?xml version="1.0" encoding="UTF-8"?>
<!DOCTYPE html PUBLIC "-//W3C//DTD XHTML 1.0 Transitional//EN"
    "http://www.w3.org/TR/xhtml1/DTD/xhtml1-transitional.dtd">
<html xmlns="http://www.w3.org/1999/xhtml" xml:lang="en" lang="en">
 <head>
  <title>
</title>
<meta http-equiv="Content-Type" content="text/html;charset=utf-8" />
  <meta name='ocr-system' content='tesseract 3.04.00' />
  <meta name='ocr-capabilities' content='ocr_page ocr_carea ocr_par ocr_line ocrx_word'/>
</head>
<body>
  <div class='ocr_page' id='page_1' title='image "./decantusinschyl01maurgoog_0092.png"; bbox 0 0 3284 5200; ppageno 0'>
   <div class='ocr_carea' id='block_1_1' title="bbox 800 429 983 492">
    <p class='ocr_par' dir='ltr' id='par_1_1' title="bbox 800 429 983 492">
     <span class='ocr_line' id='line_1_1' title="bbox 800 429 983 492; baseline 0.011 -15"><span class='ocrx_word' id='word_1_1' title='bbox 800 429 983 492; x_wconf 73' lang='grc'>-76-.</span> 
     </span>
    </p>
   </div>
   <div class='ocr_carea' id='block_1_2' title="bbox 290 562 1471 937">
    <p class='ocr_par' dir='ltr' id='par_1_2' title="bbox 290 562 1471 937">
     <span class='ocr_line' id='line_1_2' title="bbox 291 562 1470 651; baseline -0.005 -23"><span class='ocrx_word' id='word_1_2' title='bbox 291 568 453 629; x_wconf 90' lang='lat' dir='ltr'><strong>immerito</strong></span> <span class='ocrx_word' id='word_1_3' title='bbox 472 566 634 645; x_wconf 79' lang='lat' dir='ltr'>colligitur</span> <span class='ocrx_word' id='word_1_4' title='bbox 652 565 750 644; x_wconf 91' lang='lat' dir='ltr'><strong>quod,</strong></span> <span class='ocrx_word' id='word_1_5' title='bbox 764 581 833 651; x_wconf 77' lang='lat' dir='ltr'><strong>pon</strong></span> <span class='ocrx_word' id='word_1_6' title='bbox 853 566 950 626; x_wconf 89' lang='lat' dir='ltr'><strong>modo</strong></span> <span class='ocrx_word' id='word_1_7' title='bbox 970 564 1209 643; x_wconf 90' lang='lat' dir='ltr'><strong>stropbicorum</strong></span> <span class='ocrx_word' id='word_1_8' title='bbox 1223 562 1470 625; x_wconf 82' lang='lat' dir='ltr'><strong>intervallorum</strong></span> 
     </span>
     <span class='ocr_line' id='line_1_3' title="bbox 291 660 1470 745; baseline -0.004 -19"><span class='ocrx_word' id='word_1_9' title='bbox 291 664 382 745; x_wconf 83' lang='lat' dir='ltr'>quasi</span> <span class='ocrx_word' id='word_1_10' title='bbox 394 670 560 744; x_wconf 88' lang='lat' dir='ltr'><strong>praerupta</strong></span> <span class='ocrx_word' id='word_1_11' title='bbox 575 662 737 725; x_wconf 90' lang='lat' dir='ltr'><strong>distinctio</strong></span> <span class='ocrx_word' id='word_1_12' title='bbox 752 668 785 724; x_wconf 88' lang='lat' dir='ltr'><strong>et</strong></span> <span class='ocrx_word' id='word_1_13' title='bbox 795 662 901 725; x_wconf 90' lang='lat' dir='ltr'><strong>tertiae</strong></span> <span class='ocrx_word' id='word_1_14' title='bbox 916 663 1060 741; x_wconf 85' lang='lat' dir='ltr'><strong>strophae</strong></span> <span class='ocrx_word' id='word_1_15' title='bbox 1074 668 1107 724; x_wconf 90' lang='lat' dir='ltr'><strong>et</strong></span> <span class='ocrx_word' id='word_1_16' title='bbox 1116 661 1326 739; x_wconf 90' lang='lat' dir='ltr'><strong>antistrophae</strong></span> <span class='ocrx_word' id='word_1_17' title='bbox 1339 660 1470 723; x_wconf 88' lang='lat' dir='ltr'><strong>brevior</strong></span> 
     </span>
     <span class='ocr_line' id='line_1_4' title="bbox 292 758 1471 842; baseline -0.005 -17"><span class='ocrx_word' id='word_1_18' title='bbox 292 780 360 842; x_wconf 88' lang='lat' dir='ltr'><strong>prae</strong></span> <span class='ocrx_word' id='word_1_19' title='bbox 382 762 500 825; x_wconf 87' lang='lat' dir='ltr'><strong>ceteris</strong></span> <span class='ocrx_word' id='word_1_20' title='bbox 522 768 554 823; x_wconf 89' lang='lat' dir='ltr'><strong>et</strong></span> <span class='ocrx_word' id='word_1_21' title='bbox 576 768 696 838; x_wconf 86' lang='lat' dir='ltr'><strong>praeter</strong></span> <span class='ocrx_word' id='word_1_22' title='bbox 713 761 984 822; x_wconf 86' lang='lat' dir='ltr'><strong>consuetudinem</strong></span> <span class='ocrx_word' id='word_1_23' title='bbox 1005 760 1270 838; x_wconf 85' lang='lat' dir='ltr'><strong>circumscriptio,</strong></span> <span class='ocrx_word' id='word_1_24' title='bbox 1291 759 1350 820; x_wconf 91' lang='lat' dir='ltr'><strong>sed</strong></span> <span class='ocrx_word' id='word_1_25' title='bbox 1371 758 1471 820; x_wconf 90' lang='lat' dir='ltr'><strong>etiam</strong></span> 
     </span>
     <span class='ocr_line' id='line_1_5' title="bbox 290 857 1309 937; baseline -0.002 -16"><span class='ocrx_word' id='word_1_26' title='bbox 290 860 435 924; x_wconf 89' lang='lat' dir='ltr'><strong>locorum</strong></span> <span class='ocrx_word' id='word_1_27' title='bbox 450 859 627 921; x_wconf 85' lang='lat' dir='ltr'><strong>similitudo</strong></span> <span class='ocrx_word' id='word_1_28' title='bbox 647 859 787 921; x_wconf 82' lang='lat' dir='ltr'>elucent.</span> <span class='ocrx_word' id='word_1_29' title='bbox 803 859 935 919; x_wconf 87' lang='lat' dir='ltr'><strong>Nemini</strong></span> <span class='ocrx_word' id='word_1_30' title='bbox 954 858 1040 920; x_wconf 92' lang='lat' dir='ltr'><strong>enim</strong></span> <span class='ocrx_word' id='word_1_31' title='bbox 1060 857 1198 937; x_wconf 84' lang='lat' dir='ltr'><strong>subripit</strong></span> <span class='ocrx_word' id='word_1_32' title='bbox 1210 857 1309 919; x_wconf 87' lang='lat' dir='ltr'><strong>verba</strong></span> 
     </span>
    </p>
   </div>
   <div class='ocr_carea' id='block_1_3' title="bbox 451 1008 1127 1093">
    <p class='ocr_par' dir='ltr' id='par_1_3' title="bbox 451 1008 1127 1093">
     <span class='ocr_line' id='line_1_6' title="bbox 451 1008 1127 1093; baseline -0.001 -21"><span class='ocrx_word' id='word_1_33' title='bbox 451 1012 477 1072; x_wconf 90' lang='grc' dir='ltr'><strong>τί</strong></span> <span class='ocrx_word' id='word_1_34' title='bbox 493 1009 545 1093; x_wconf 62' lang='grc' dir='ltr'><strong>γὰρ</strong></span> <span class='ocrx_word' id='word_1_35' title='bbox 562 1008 660 1092; x_wconf 78' lang='grc' dir='ltr'>λύτρον</span> <span class='ocrx_word' id='word_1_36' title='bbox 673 1008 806 1078; x_wconf 80' lang='grc' dir='ltr'>πεσόντος</span> <span class='ocrx_word' id='word_1_37' title='bbox 819 1008 939 1089; x_wconf 73' lang='grc' dir='ltr'>αἵματος</span> <span class='ocrx_word' id='word_1_38' title='bbox 952 1011 1047 1083; x_wconf 81' lang='grc' dir='ltr'>πὲδοι;</span> <span class='ocrx_word' id='word_1_39' title='bbox 1065 1009 1127 1089; x_wconf 79' lang='grc'>(46)</span> 
     </span>
    </p>
   </div>
   <div class='ocr_carea' id='block_1_4' title="bbox 291 1157 726 1247">
    <p class='ocr_par' dir='ltr' id='par_1_4' title="bbox 291 1157 726 1247">
     <span class='ocr_line' id='line_1_7' title="bbox 291 1157 726 1247; baseline -0.007 -14"><span class='ocrx_word' id='word_1_40' title='bbox 291 1157 406 1233; x_wconf 88' lang='lat' dir='ltr'><strong>eodem</strong></span> <span class='ocrx_word' id='word_1_41' title='bbox 419 1171 486 1233; x_wconf 88' lang='lat' dir='ltr'><strong>iere</strong></span> <span class='ocrx_word' id='word_1_42' title='bbox 501 1175 648 1247; x_wconf 89' lang='lat' dir='ltr'><strong>spectare</strong></span> <span class='ocrx_word' id='word_1_43' title='bbox 662 1186 726 1247; x_wconf 93' lang='lat' dir='ltr'><strong>quo</strong></span> 
     </span>
    </p>
   </div>
   <div class='ocr_carea' id='block_1_5' title="bbox 448 1289 1085 1499">
    <p class='ocr_par' dir='ltr' id='par_1_5' title="bbox 448 1289 1085 1499">
     <span class='ocr_line' id='line_1_8' title="bbox 450 1289 1063 1404; baseline -0.005 -23"><span class='ocrx_word' id='word_1_44' title='bbox 450 1319 486 1381; x_wconf 77' lang='grc' dir='ltr'><strong>δι’</strong></span> <span class='ocrx_word' id='word_1_45' title='bbox 504 1320 601 1399; x_wconf 73' lang='grc' dir='ltr'>αἵματ’</span> <span class='ocrx_word' id='word_1_46' title='bbox 618 1318 760 1381; x_wconf 77' lang='grc' dir='ltr'><strong>ἐκποθένθ’</strong></span> <span class='ocrx_word' id='word_1_47' title='bbox 779 1324 831 1379; x_wconf 86' lang='grc' dir='ltr'><strong>ὑπὸ</strong></span> <span class='ocrx_word' id='word_1_48' title='bbox 847 1324 945 1401; x_wconf 81' lang='grc' dir='ltr'>χθονὸς</span> <span class='ocrx_word' id='word_1_49' title='bbox 959 1289 1063 1404; x_wconf 78' lang='grc' dir='ltr'>τροροῦ</span> 
     </span>
     <span class='ocr_line' id='line_1_9' title="bbox 448 1416 1085 1499; baseline -0.005 -21"><span class='ocrx_word' id='word_1_50' title='bbox 448 1418 522 1486; x_wconf 83' lang='grc' dir='ltr'>τίτας</span> <span class='ocrx_word' id='word_1_51' title='bbox 536 1416 611 1498; x_wconf 80' lang='grc' dir='ltr'>φόνος</span> <span class='ocrx_word' id='word_1_52' title='bbox 625 1419 743 1497; x_wconf 78' lang='grc' dir='ltr'>πέπηγεν</span> <span class='ocrx_word' id='word_1_53' title='bbox 759 1417 791 1477; x_wconf 82' lang='grc' dir='ltr'><strong>οὐ</strong></span> <span class='ocrx_word' id='word_1_54' title='bbox 810 1416 955 1499; x_wconf 73' lang='grc' dir='ltr'>διαρρύδαν</span> <span class='ocrx_word' id='word_1_55' title='bbox 970 1416 1085 1497; x_wconf 77' lang='lat' dir='ltr'><strong>(dd-7),</strong></span> 
     </span>
    </p>
   </div>
   <div class='ocr_carea' id='block_1_6' title="bbox 290 1579 526 1657">
    <p class='ocr_par' dir='ltr' id='par_1_6' title="bbox 290 1579 526 1657">
     <span class='ocr_line' id='line_1_10' title="bbox 290 1579 526 1657; baseline -0.025 -14"><span class='ocrx_word' id='word_1_56' title='bbox 290 1587 323 1643; x_wconf 87' lang='lat' dir='ltr'><strong>et</strong></span> <span class='ocrx_word' id='word_1_57' title='bbox 344 1579 526 1657; x_wconf 87' lang='lat' dir='ltr'><strong>praesertim</strong></span> 
     </span>
    </p>
   </div>
   <div class='ocr_carea' id='block_1_7' title="bbox 448 1711 1081 1987">
    <p class='ocr_par' dir='ltr' id='par_1_7' title="bbox 448 1711 1081 1987">
     <span class='ocr_line' id='line_1_11' title="bbox 451 1711 961 1793; baseline -0.006 -20"><span class='ocrx_word' id='word_1_58' title='bbox 451 1758 473 1773; x_wconf 90' lang='lat'><strong>..</strong></span> <span class='ocrx_word' id='word_1_59' title='bbox 483 1758 503 1772; x_wconf 90' lang='lat'><strong>..</strong></span> <span class='ocrx_word' id='word_1_60' title='bbox 519 1715 600 1793; x_wconf 88' lang='grc' dir='ltr'>πόροι</span> <span class='ocrx_word' id='word_1_61' title='bbox 615 1735 647 1771; x_wconf 83' lang='grc' dir='ltr'><strong>τε</strong></span> <span class='ocrx_word' id='word_1_62' title='bbox 661 1711 758 1779; x_wconf 79' lang='grc' dir='ltr'>πάντες</span> <span class='ocrx_word' id='word_1_63' title='bbox 773 1713 806 1771; x_wconf 81' lang='grc' dir='ltr'><strong>ἐκ</strong></span> <span class='ocrx_word' id='word_1_64' title='bbox 820 1720 883 1791; x_wconf 78' lang='grc' dir='ltr'>μιᾶς</span> <span class='ocrx_word' id='word_1_65' title='bbox 896 1713 961 1772; x_wconf 81' lang='grc' dir='ltr'>ὁδοῦ</span> 
     </span>
     <span class='ocr_line' id='line_1_12' title="bbox 450 1808 958 1891; baseline 0.002 -23"><span class='ocrx_word' id='word_1_66' title='bbox 450 1816 577 1890; x_wconf 89' lang='grc' dir='ltr'>&lt;προ&gt;</span> <span class='ocrx_word' id='word_1_67' title='bbox 594 1808 732 1889; x_wconf 73' lang='grc' dir='ltr'>βαίνοντες</span> <span class='ocrx_word' id='word_1_68' title='bbox 746 1817 795 1869; x_wconf 87' lang='grc' dir='ltr'><strong>τὸν</strong></span> <span class='ocrx_word' id='word_1_69' title='bbox 810 1818 958 1891; x_wconf 79' lang='grc' dir='ltr'>χερομυσῆ</span> 
     </span>
     <span class='ocr_line' id='line_1_13' title="bbox 448 1905 1081 1987; baseline 0.005 -22"><span class='ocrx_word' id='word_1_70' title='bbox 448 1906 527 1987; x_wconf 82' lang='grc' dir='ltr'>φόνον</span> <span class='ocrx_word' id='word_1_71' title='bbox 545 1905 716 1987; x_wconf 68' lang='grc' dir='ltr'>καθαίροντες</span> <span class='ocrx_word' id='word_1_72' title='bbox 731 1905 849 1967; x_wconf 82' lang='grc' dir='ltr'>ἔκλυταν</span> <span class='ocrx_word' id='word_1_73' title='bbox 867 1907 955 1986; x_wconf 78' lang='grc' dir='ltr'>μάταν</span> <span class='ocrx_word' id='word_1_74' title='bbox 973 1906 1081 1987; x_wconf 72' lang='grc'>(72-4).</span> 
     </span>
    </p>
   </div>
   <div class='ocr_carea' id='block_1_8' title="bbox 289 2065 1468 2537">
    <p class='ocr_par' dir='ltr' id='par_1_8' title="bbox 289 2065 1468 2537">
     <span class='ocr_line' id='line_1_14' title="bbox 291 2065 1468 2144; baseline -0.001 -16"><span class='ocrx_word' id='word_1_75' title='bbox 291 2067 333 2128; x_wconf 89' lang='lat' dir='ltr'><strong>Ut</strong></span> <span class='ocrx_word' id='word_1_76' title='bbox 354 2066 449 2127; x_wconf 87' lang='lat' dir='ltr'><strong>etiarn</strong></span> <span class='ocrx_word' id='word_1_77' title='bbox 469 2066 530 2126; x_wconf 90' lang='lat' dir='ltr'><strong>ista</strong></span> <span class='ocrx_word' id='word_1_78' title='bbox 552 2066 796 2143; x_wconf 80' lang='lat' dir='ltr'><strong>redarguantur,</strong></span> <span class='ocrx_word' id='word_1_79' title='bbox 820 2067 872 2127; x_wconf 92' lang='lat' dir='ltr'><strong>cui</strong></span> <span class='ocrx_word' id='word_1_80' title='bbox 892 2066 926 2128; x_wconf 93' lang='lat' dir='ltr'><strong>id</strong></span> <span class='ocrx_word' id='word_1_81' title='bbox 946 2083 1011 2128; x_wconf 90' lang='lat' dir='ltr'><strong>non</strong></span> <span class='ocrx_word' id='word_1_82' title='bbox 1032 2071 1165 2143; x_wconf 88' lang='lat' dir='ltr'><strong>apparet</strong></span> <span class='ocrx_word' id='word_1_83' title='bbox 1181 2065 1215 2127; x_wconf 93' lang='lat' dir='ltr'><strong>in</strong></span> <span class='ocrx_word' id='word_1_84' title='bbox 1234 2065 1337 2144; x_wconf 91' lang='lat' dir='ltr'><strong>epodo</strong></span> <span class='ocrx_word' id='word_1_85' title='bbox 1358 2081 1468 2127; x_wconf 89' lang='lat' dir='ltr'><strong>rerum</strong></span> 
     </span>
     <span class='ocr_line' id='line_1_15' title="bbox 290 2148 1467 2242; baseline -0.002 -17"><span class='ocrx_word' id='word_1_86' title='bbox 290 2164 508 2241; x_wconf 82' lang='lat' dir='ltr'><strong>orationisque</strong></span> <span class='ocrx_word' id='word_1_87' title='bbox 536 2163 782 2226; x_wconf 84' lang='lat' dir='ltr'><strong>conversionem</strong></span> <span class='ocrx_word' id='word_1_88' title='bbox 816 2164 971 2238; x_wconf 90' lang='lat' dir='ltr'><strong>incidere,</strong></span> <span class='ocrx_word' id='word_1_89' title='bbox 1001 2163 1161 2242; x_wconf 82' lang='lat' dir='ltr'><strong>istamque</strong></span> <span class='ocrx_word' id='word_1_90' title='bbox 1193 2148 1370 2225; x_wconf 85' lang='lat' dir='ltr'><strong>clausulam</strong></span> <span class='ocrx_word' id='word_1_91' title='bbox 1400 2179 1467 2224; x_wconf 92' lang='lat' dir='ltr'><strong>non</strong></span> 
     </span>
     <span class='ocr_line' id='line_1_16' title="bbox 290 2260 1467 2340; baseline -0.001 -17"><span class='ocrx_word' id='word_1_92' title='bbox 290 2262 404 2323; x_wconf 89' lang='lat' dir='ltr'><strong>eodem</strong></span> <span class='ocrx_word' id='word_1_93' title='bbox 422 2266 515 2339; x_wconf 90' lang='lat' dir='ltr'><strong>pacto</strong></span> <span class='ocrx_word' id='word_1_94' title='bbox 530 2277 595 2337; x_wconf 92' lang='lat' dir='ltr'><strong>quo</strong></span> <span class='ocrx_word' id='word_1_95' title='bbox 614 2262 720 2338; x_wconf 92' lang='lat' dir='ltr'><strong>priora</strong></span> <span class='ocrx_word' id='word_1_96' title='bbox 741 2263 921 2323; x_wconf 88' lang='lat' dir='ltr'><strong>canendam</strong></span> <span class='ocrx_word' id='word_1_97' title='bbox 941 2278 1025 2333; x_wconf 89' lang='lat' dir='ltr'><strong>esse,</strong></span> <span class='ocrx_word' id='word_1_98' title='bbox 1043 2261 1118 2340; x_wconf 91' lang='lat' dir='ltr'><strong>quia</strong></span> <span class='ocrx_word' id='word_1_99' title='bbox 1132 2279 1207 2340; x_wconf 87' lang='lat' dir='ltr'><strong>quae</strong></span> <span class='ocrx_word' id='word_1_100' title='bbox 1220 2261 1262 2322; x_wconf 90' lang='lat' dir='ltr'><strong>sit</strong></span> <span class='ocrx_word' id='word_1_101' title='bbox 1276 2260 1467 2323; x_wconf 91' lang='lat' dir='ltr'><strong>mulieribus</strong></span> 
     </span>
     <span class='ocr_line' id='line_1_17' title="bbox 289 2358 1467 2438; baseline 0.002 -21"><span class='ocrx_word' id='word_1_102' title='bbox 289 2358 365 2419; x_wconf 88' lang='lat' dir='ltr'><strong>vitae</strong></span> <span class='ocrx_word' id='word_1_103' title='bbox 376 2358 523 2420; x_wconf 87' lang='lat' dir='ltr'><strong>condicio</strong></span> <span class='ocrx_word' id='word_1_104' title='bbox 536 2364 674 2435; x_wconf 85' lang='lat' dir='ltr'><strong>enarret,</strong></span> <span class='ocrx_word' id='word_1_105' title='bbox 687 2365 719 2420; x_wconf 90' lang='lat' dir='ltr'><strong>et</strong></span> <span class='ocrx_word' id='word_1_106' title='bbox 730 2360 772 2421; x_wconf 91' lang='lat' dir='ltr'><strong>ad</strong></span> <span class='ocrx_word' id='word_1_107' title='bbox 783 2360 1013 2421; x_wconf 88' lang='lat' dir='ltr'><strong>choreutarum</strong></span> <span class='ocrx_word' id='word_1_108' title='bbox 1024 2359 1164 2421; x_wconf 89' lang='lat' dir='ltr'><strong>solidum</strong></span> <span class='ocrx_word' id='word_1_109' title='bbox 1174 2359 1302 2438; x_wconf 90' lang='lat' dir='ltr'><strong>proprie</strong></span> <span class='ocrx_word' id='word_1_110' title='bbox 1312 2358 1467 2420; x_wconf 78' lang='lat' dir='ltr'><strong>attineat‘.l</strong></span> 
     </span>
     <span class='ocr_line' id='line_1_18' title="bbox 290 2455 1464 2537; baseline 0 -20"><span class='ocrx_word' id='word_1_111' title='bbox 290 2456 402 2533; x_wconf 90' lang='lat' dir='ltr'><strong>Itaque</strong></span> <span class='ocrx_word' id='word_1_112' title='bbox 419 2455 620 2518; x_wconf 85' lang='lat' dir='ltr'><strong>Hermanni¹</strong></span> <span class='ocrx_word' id='word_1_113' title='bbox 641 2457 808 2519; x_wconf 90' lang='lat' dir='ltr'><strong>inventum</strong></span> <span class='ocrx_word' id='word_1_114' title='bbox 829 2475 928 2518; x_wconf 89' lang='lat' dir='ltr'><strong>unam</strong></span> <span class='ocrx_word' id='word_1_115' title='bbox 948 2474 1113 2537; x_wconf 84' lang='lat' dir='ltr'><strong>quamque</strong></span> <span class='ocrx_word' id='word_1_116' title='bbox 1132 2457 1282 2519; x_wconf 89' lang='lat' dir='ltr'><strong>videlicet</strong></span> <span class='ocrx_word' id='word_1_117' title='bbox 1298 2456 1464 2534; x_wconf 86' lang='lat' dir='ltr'><strong>stropham</strong></span> 
     </span>
    </p>
   </div>
   <div class='ocr_carea' id='block_1_9' title="bbox 289 2553 1527 2634">
    <p class='ocr_par' dir='ltr' id='par_1_9' title="bbox 289 2553 1527 2634">
     <span class='ocr_line' id='line_1_19' title="bbox 289 2553 1527 2634; baseline 0 -18"><span class='ocrx_word' id='word_1_118' title='bbox 289 2571 308 2616; x_wconf 93' lang='lat' dir='ltr'><strong>a</strong></span> <span class='ocrx_word' id='word_1_119' title='bbox 329 2554 414 2616; x_wconf 93' lang='lat' dir='ltr'><strong>binis</strong></span> <span class='ocrx_word' id='word_1_120' title='bbox 437 2553 638 2629; x_wconf 66' lang='lat' dir='ltr'><strong>mulieribus</strong></span> <span class='ocrx_word' id='word_1_121' title='bbox 663 2556 813 2632; x_wconf 90' lang='lat' dir='ltr'><strong>epodicos</strong></span> <span class='ocrx_word' id='word_1_122' title='bbox 839 2564 949 2618; x_wconf 88' lang='lat' dir='ltr'><strong>autern</strong></span> <span class='ocrx_word' id='word_1_123' title='bbox 971 2572 1084 2618; x_wconf 89' lang='lat' dir='ltr'><strong>versus</strong></span> <span class='ocrx_word' id='word_1_124' title='bbox 1108 2556 1211 2618; x_wconf 92' lang='lat' dir='ltr'><strong>ternis</strong></span> <span class='ocrx_word' id='word_1_125' title='bbox 1232 2554 1466 2634; x_wconf 86' lang='lat' dir='ltr'><strong>permittendus</strong></span> <span class='ocrx_word' id='word_1_126' title='bbox 1524 2578 1527 2581; x_wconf 44' lang='lat'><strong>⁴</strong></span> 
     </span>
    </p>
   </div>
   <div class='ocr_carea' id='block_1_10' title="bbox 288 2652 1467 4102">
    <p class='ocr_par' dir='ltr' id='par_1_10' title="bbox 288 2652 1467 2934">
     <span class='ocr_line' id='line_1_20' title="bbox 289 2652 1467 2731; baseline -0.001 -16"><span class='ocrx_word' id='word_1_127' title='bbox 289 2669 373 2726; x_wconf 90' lang='lat' dir='ltr'><strong>esse,</strong></span> <span class='ocrx_word' id='word_1_128' title='bbox 390 2669 448 2730; x_wconf 93' lang='lat' dir='ltr'><strong>pro</strong></span> <span class='ocrx_word' id='word_1_129' title='bbox 462 2653 562 2716; x_wconf 89' lang='lat' dir='ltr'><strong>nihilo</strong></span> <span class='ocrx_word' id='word_1_130' title='bbox 577 2654 755 2730; x_wconf 88' lang='lat' dir='ltr'><strong>aestimabo,</strong></span> <span class='ocrx_word' id='word_1_131' title='bbox 768 2654 856 2731; x_wconf 92' lang='lat' dir='ltr'><strong>quod</strong></span> <span class='ocrx_word' id='word_1_132' title='bbox 870 2655 1063 2717; x_wconf 86' lang='lat' dir='ltr'><strong>acommuni</strong></span> <span class='ocrx_word' id='word_1_133' title='bbox 1076 2654 1281 2717; x_wconf 90' lang='lat' dir='ltr'><strong>choricorum</strong></span> <span class='ocrx_word' id='word_1_134' title='bbox 1291 2669 1381 2715; x_wconf 90' lang='lat' dir='ltr'><strong>more</strong></span> <span class='ocrx_word' id='word_1_135' title='bbox 1395 2652 1467 2714; x_wconf 88' lang='lat' dir='ltr'><strong>des·</strong></span> 
     </span>
     <span class='ocr_line' id='line_1_21' title="bbox 289 2751 1466 2831; baseline 0.001 -19"><span class='ocrx_word' id='word_1_136' title='bbox 289 2751 390 2812; x_wconf 88' lang='lat' dir='ltr'><strong>ciscit.</strong></span> <span class='ocrx_word' id='word_1_137' title='bbox 407 2751 471 2813; x_wconf 85' lang='lat' dir='ltr'><strong>Sed</strong></span> <span class='ocrx_word' id='word_1_138' title='bbox 486 2751 545 2813; x_wconf 90' lang='lat' dir='ltr'><strong>tria</strong></span> <span class='ocrx_word' id='word_1_139' title='bbox 562 2753 669 2831; x_wconf 91' lang='lat' dir='ltr'><strong>potius</strong></span> <span class='ocrx_word' id='word_1_140' title='bbox 683 2753 888 2831; x_wconf 89' lang='lat' dir='ltr'><strong>stropharum</strong></span> <span class='ocrx_word' id='word_1_141' title='bbox 901 2752 991 2830; x_wconf 87' lang='lat' dir='ltr'><strong>paria</strong></span> <span class='ocrx_word' id='word_1_142' title='bbox 1002 2751 1148 2830; x_wconf 81' lang='lat' dir='ltr'><strong>stoeohis,</strong></span> <span class='ocrx_word' id='word_1_143' title='bbox 1164 2758 1197 2814; x_wconf 89' lang='lat' dir='ltr'><strong>et</strong></span> <span class='ocrx_word' id='word_1_144' title='bbox 1211 2752 1351 2831; x_wconf 90' lang='lat' dir='ltr'><strong>epodum</strong></span> <span class='ocrx_word' id='word_1_145' title='bbox 1366 2751 1466 2813; x_wconf 88' lang='lat' dir='ltr'><strong>choro</strong></span> 
     </span>
     <span class='ocr_line' id='line_1_22' title="bbox 288 2848 1422 2934; baseline 0.004 -24"><span class='ocrx_word' id='word_1_146' title='bbox 288 2848 439 2911; x_wconf 91' lang='lat' dir='ltr'><strong>universo</strong></span> <span class='ocrx_word' id='word_1_147' title='bbox 453 2851 664 2912; x_wconf 88' lang='lat' dir='ltr'><strong>committam.</strong></span> <span class='ocrx_word' id='word_1_148' title='bbox 1418 2928 1422 2934; x_wconf 18' lang='grc' dir='ltr'><strong>Α</strong></span> 
     </span>
    </p>

    <p class='ocr_par' dir='ltr' id='par_1_11' title="bbox 289 2945 1466 3514">
     <span class='ocr_line' id='line_1_23' title="bbox 328 2945 1466 3026; baseline -0.002 -17"><span class='ocrx_word' id='word_1_149' title='bbox 328 2949 410 3024; x_wconf 82' lang='lat' dir='ltr'><strong>lam,</strong></span> <span class='ocrx_word' id='word_1_150' title='bbox 426 2948 481 3009; x_wconf 90' lang='lat' dir='ltr'><strong>nbi</strong></span> <span class='ocrx_word' id='word_1_151' title='bbox 497 2949 621 3011; x_wconf 88' lang='lat' dir='ltr'><strong>Electra</strong></span> <span class='ocrx_word' id='word_1_152' title='bbox 636 2949 769 3010; x_wconf 89' lang='lat' dir='ltr'><strong>chorum</strong></span> <span class='ocrx_word' id='word_1_153' title='bbox 785 2949 817 3009; x_wconf 93' lang='lat' dir='ltr'><strong>in</strong></span> <span class='ocrx_word' id='word_1_154' title='bbox 834 2948 1004 3010; x_wconf 90' lang='lat' dir='ltr'><strong>consilium</strong></span> <span class='ocrx_word' id='word_1_155' title='bbox 1019 2948 1152 3009; x_wconf 87' lang='lat' dir='ltr'><strong>adhibet</strong></span> <span class='ocrx_word' id='word_1_156' title='bbox 1166 2965 1247 3026; x_wconf 89' lang='lat' dir='ltr'><strong>quas</strong></span> <span class='ocrx_word' id='word_1_157' title='bbox 1263 2945 1466 3026; x_wconf 89' lang='lat' dir='ltr'><strong>precationes</strong></span> 
     </span>
     <span class='ocr_line' id='line_1_24' title="bbox 289 3044 1463 3124; baseline -0.001 -19"><span class='ocrx_word' id='word_1_158' title='bbox 289 3045 385 3106; x_wconf 90' lang='lat' dir='ltr'><strong>simul</strong></span> <span class='ocrx_word' id='word_1_159' title='bbox 409 3063 483 3107; x_wconf 90' lang='lat' dir='ltr'><strong>oum</strong></span> <span class='ocrx_word' id='word_1_160' title='bbox 506 3046 691 3108; x_wconf 89' lang='lat' dir='ltr'><strong>libamentis</strong></span> <span class='ocrx_word' id='word_1_161' title='bbox 716 3063 815 3124; x_wconf 88' lang='lat' dir='ltr'><strong>super</strong></span> <span class='ocrx_word' id='word_1_162' title='bbox 840 3046 940 3124; x_wconf 89' lang='lat' dir='ltr'><strong>patris</strong></span> <span class='ocrx_word' id='word_1_163' title='bbox 964 3047 1125 3108; x_wconf 91' lang='lat' dir='ltr'><strong>tumulum</strong></span> <span class='ocrx_word' id='word_1_164' title='bbox 1148 3046 1314 3107; x_wconf 86' lang='lat' dir='ltr'><strong>effundere</strong></span> <span class='ocrx_word' id='word_1_165' title='bbox 1335 3044 1463 3121; x_wconf 88' lang='lat' dir='ltr'><strong>debeat,</strong></span> 
     </span>
     <span class='ocr_line' id='line_1_25' title="bbox 290 3142 1466 3222; baseline -0.003 -17"><span class='ocrx_word' id='word_1_166' title='bbox 290 3145 350 3205; x_wconf 88' lang='lat' dir='ltr'><strong>etsi</strong></span> <span class='ocrx_word' id='word_1_167' title='bbox 365 3161 478 3206; x_wconf 90' lang='lat' dir='ltr'><strong>omnes</strong></span> <span class='ocrx_word' id='word_1_168' title='bbox 497 3161 607 3205; x_wconf 86' lang='lat' dir='ltr'><strong>servas</strong></span> <span class='ocrx_word' id='word_1_169' title='bbox 628 3143 777 3222; x_wconf 89' lang='lat' dir='ltr'><strong>appellat,</strong></span> <span class='ocrx_word' id='word_1_170' title='bbox 794 3149 902 3205; x_wconf 90' lang='lat' dir='ltr'><strong>tamen</strong></span> <span class='ocrx_word' id='word_1_171' title='bbox 915 3161 980 3206; x_wconf 91' lang='lat' dir='ltr'><strong>una</strong></span> <span class='ocrx_word' id='word_1_172' title='bbox 1003 3144 1223 3205; x_wconf 84' lang='lat' dir='ltr'><strong>tantummodo</strong></span> <span class='ocrx_word' id='word_1_173' title='bbox 1243 3161 1281 3204; x_wconf 84' lang='lat' dir='ltr'><strong>ex</strong></span> <span class='ocrx_word' id='word_1_174' title='bbox 1300 3142 1466 3205; x_wconf 89' lang='lat' dir='ltr'><strong>orchestra</strong></span> 
     </span>
     <span class='ocr_line' id='line_1_26' title="bbox 291 3241 1465 3321; baseline -0.001 -20"><span class='ocrx_word' id='word_1_175' title='bbox 291 3242 475 3318; x_wconf 88' lang='lat' dir='ltr'><strong>respondet.</strong></span> <span class='ocrx_word' id='word_1_176' title='bbox 492 3243 685 3304; x_wconf 88' lang='lat' dir='ltr'><strong>Gravissima</strong></span> <span class='ocrx_word' id='word_1_177' title='bbox 704 3241 788 3303; x_wconf 89' lang='lat' dir='ltr'><strong>inter</strong></span> <span class='ocrx_word' id='word_1_178' title='bbox 802 3241 944 3318; x_wconf 88' lang='lat' dir='ltr'><strong>puellam</strong></span> <span class='ocrx_word' id='word_1_179' title='bbox 964 3241 1238 3321; x_wconf 85' lang='lat' dir='ltr'><strong>coryphaeumque</strong></span> <span class='ocrx_word' id='word_1_180' title='bbox 1257 3241 1362 3302; x_wconf 92' lang='lat' dir='ltr'><strong>solum</strong></span> <span class='ocrx_word' id='word_1_181' title='bbox 1377 3256 1465 3301; x_wconf 91' lang='lat' dir='ltr'><strong>com·</strong></span> 
     </span>
     <span class='ocr_line' id='line_1_27' title="bbox 290 3338 1466 3418; baseline -0.003 -17"><span class='ocrx_word' id='word_1_182' title='bbox 290 3338 446 3401; x_wconf 89' lang='lat' dir='ltr'><strong>municari</strong></span> <span class='ocrx_word' id='word_1_183' title='bbox 467 3357 506 3401; x_wconf 87' lang='lat' dir='ltr'><strong>ex</strong></span> <span class='ocrx_word' id='word_1_184' title='bbox 532 3339 611 3418; x_wconf 91' lang='lat' dir='ltr'><strong>ipsis</strong></span> <span class='ocrx_word' id='word_1_185' title='bbox 634 3341 789 3401; x_wconf 88' lang='lat' dir='ltr'><strong>trimetris</strong></span> <span class='ocrx_word' id='word_1_186' title='bbox 812 3340 1026 3418; x_wconf 81' lang='lat' dir='ltr'><strong>significatur,</strong></span> <span class='ocrx_word' id='word_1_187' title='bbox 1047 3339 1103 3418; x_wconf 93' lang='lat' dir='ltr'><strong>qui</strong></span> <span class='ocrx_word' id='word_1_188' title='bbox 1129 3338 1297 3400; x_wconf 76' lang='lat' dir='ltr'><strong>manifesta</strong></span> <span class='ocrx_word' id='word_1_189' title='bbox 1316 3338 1466 3398; x_wconf 89' lang='lat' dir='ltr'><strong>similiter</strong></span> 
     </span>
     <span class='ocr_line' id='line_1_28' title="bbox 290 3437 961 3514; baseline 0 -16"><span class='ocrx_word' id='word_1_190' title='bbox 290 3437 465 3498; x_wconf 91' lang='lat' dir='ltr'><strong>continuati</strong></span> <span class='ocrx_word' id='word_1_191' title='bbox 480 3437 631 3514; x_wconf 87' lang='lat' dir='ltr'><strong>colloquii</strong></span> <span class='ocrx_word' id='word_1_192' title='bbox 645 3437 793 3514; x_wconf 89' lang='lat' dir='ltr'><strong>praebent</strong></span> <span class='ocrx_word' id='word_1_193' title='bbox 806 3438 924 3499; x_wconf 89' lang='lat' dir='ltr'><strong>indicia</strong></span> <span class='ocrx_word' id='word_1_194' title='bbox 938 3437 961 3498; x_wconf 82' lang='lat'><strong>².</strong></span> 
     </span>
    </p>

    <p class='ocr_par' dir='ltr' id='par_1_12' title="bbox 291 3533 1466 4102">
     <span class='ocr_line' id='line_1_29' title="bbox 330 3533 1466 3616; baseline 0 -23"><span class='ocrx_word' id='word_1_195' title='bbox 330 3534 536 3612; x_wconf 88' lang='lat' dir='ltr'><strong>insequentia</strong></span> <span class='ocrx_word' id='word_1_196' title='bbox 551 3541 658 3596; x_wconf 91' lang='lat' dir='ltr'><strong>autem</strong></span> <span class='ocrx_word' id='word_1_197' title='bbox 675 3535 824 3596; x_wconf 89' lang='lat' dir='ltr'><strong>breviora</strong></span> <span class='ocrx_word' id='word_1_198' title='bbox 840 3533 940 3614; x_wconf 86' lang='lat' dir='ltr'><strong>lyrica</strong></span> <span class='ocrx_word' id='word_1_199' title='bbox 957 3535 1107 3616; x_wconf 69' lang='lat' dir='ltr'><strong>(lea-62),</strong></span> <span class='ocrx_word' id='word_1_200' title='bbox 1126 3552 1200 3612; x_wconf 88' lang='lat' dir='ltr'><strong>quae</strong></span> <span class='ocrx_word' id='word_1_201' title='bbox 1216 3533 1466 3612; x_wconf 78' lang='lat' dir='ltr'><strong>Agamemnonis</strong></span> 
     </span>
     <span class='ocr_line' id='line_1_30' title="bbox 291 3631 1465 3711; baseline -0.001 -19"><span class='ocrx_word' id='word_1_202' title='bbox 291 3648 404 3710; x_wconf 86' lang='lat' dir='ltr'><strong>paeana</strong></span> <span class='ocrx_word' id='word_1_203' title='bbox 418 3632 583 3693; x_wconf 89' lang='lat' dir='ltr'><strong>vocaveris</strong></span> <span class='ocrx_word' id='word_1_204' title='bbox 596 3633 619 3706; x_wconf 80' lang='lat'><strong>³,</strong></span> <span class='ocrx_word' id='word_1_205' title='bbox 638 3633 835 3710; x_wconf 79' lang='lat' dir='ltr'><strong>corruptiore</strong></span> <span class='ocrx_word' id='word_1_206' title='bbox 851 3633 1001 3694; x_wconf 90' lang='lat' dir='ltr'><strong>videntur</strong></span> <span class='ocrx_word' id='word_1_207' title='bbox 1019 3649 1203 3710; x_wconf 88' lang='lat' dir='ltr'><strong>essequam</strong></span> <span class='ocrx_word' id='word_1_208' title='bbox 1218 3637 1253 3693; x_wconf 88' lang='lat' dir='ltr'><strong>ut</strong></span> <span class='ocrx_word' id='word_1_209' title='bbox 1270 3631 1392 3711; x_wconf 90' lang='lat' dir='ltr'><strong>aliquid</strong></span> <span class='ocrx_word' id='word_1_210' title='bbox 1406 3647 1465 3709; x_wconf 92' lang='lat' dir='ltr'><strong>pro</strong></span> 
     </span>
     <span class='ocr_line' id='line_1_31' title="bbox 292 3729 1465 3808; baseline -0.003 -17"><span class='ocrx_word' id='word_1_211' title='bbox 292 3736 457 3806; x_wconf 90' lang='lat' dir='ltr'><strong>comperto</strong></span> <span class='ocrx_word' id='word_1_212' title='bbox 481 3746 665 3791; x_wconf 88' lang='lat' dir='ltr'><strong>asseverare</strong></span> <span class='ocrx_word' id='word_1_213' title='bbox 688 3731 800 3792; x_wconf 90' lang='lat' dir='ltr'><strong>ausim.</strong></span> <span class='ocrx_word' id='word_1_214' title='bbox 822 3732 914 3808; x_wconf 88' lang='lat' dir='ltr'><strong>Nam,</strong></span> <span class='ocrx_word' id='word_1_215' title='bbox 938 3731 1086 3808; x_wconf 92' lang='lat' dir='ltr'><strong>quamvis</strong></span> <span class='ocrx_word' id='word_1_216' title='bbox 1115 3729 1269 3790; x_wconf 92' lang='lat' dir='ltr'><strong>nonnulla</strong></span> <span class='ocrx_word' id='word_1_217' title='bbox 1292 3729 1465 3806; x_wconf 84' lang='lat' dir='ltr'><strong>stichomy·</strong></span> 
     </span>
     <span class='ocr_line' id='line_1_32' title="bbox 292 3826 1466 3906; baseline -0.002 -17"><span class='ocrx_word' id='word_1_218' title='bbox 292 3827 388 3889; x_wconf 85' lang='lat' dir='ltr'><strong>thicae</strong></span> <span class='ocrx_word' id='word_1_219' title='bbox 403 3827 532 3889; x_wconf 83' lang='lat' dir='ltr'><strong>fabricae</strong></span> <span class='ocrx_word' id='word_1_220' title='bbox 547 3828 581 3888; x_wconf 95' lang='lat' dir='ltr'><strong>in</strong></span> <span class='ocrx_word' id='word_1_221' title='bbox 595 3829 737 3906; x_wconf 91' lang='lat' dir='ltr'><strong>opisodio</strong></span> <span class='ocrx_word' id='word_1_222' title='bbox 750 3829 894 3906; x_wconf 91' lang='lat' dir='ltr'><strong>undique</strong></span> <span class='ocrx_word' id='word_1_223' title='bbox 909 3834 1035 3895; x_wconf 71' lang='lat' dir='ltr'><strong>exstent</strong></span> <span class='ocrx_word' id='word_1_224' title='bbox 1049 3827 1182 3906; x_wconf 84' lang='lat' dir='ltr'><strong>vestigia</strong></span> <span class='ocrx_word' id='word_1_225' title='bbox 1192 3827 1215 3904; x_wconf 75' lang='lat'><strong>⁴,</strong></span> <span class='ocrx_word' id='word_1_226' title='bbox 1229 3832 1262 3888; x_wconf 89' lang='lat' dir='ltr'><strong>et</strong></span> <span class='ocrx_word' id='word_1_227' title='bbox 1275 3826 1309 3886; x_wconf 93' lang='lat' dir='ltr'><strong>in</strong></span> <span class='ocrx_word' id='word_1_228' title='bbox 1320 3826 1391 3904; x_wconf 90' lang='lat' dir='ltr'><strong>ipsa</strong></span> <span class='ocrx_word' id='word_1_229' title='bbox 1404 3827 1466 3887; x_wconf 87' lang='lat' dir='ltr'><strong>ista</strong></span> 
     </span>
     <span class='ocr_line' id='line_1_33' title="bbox 293 3923 1464 4004; baseline -0.002 -17"><span class='ocrx_word' id='word_1_230' title='bbox 293 3925 497 3987; x_wconf 75' lang='lat' dir='ltr'><strong>cantiunculas</strong></span> <span class='ocrx_word' id='word_1_231' title='bbox 508 3943 663 3987; x_wconf 86' lang='lat' dir='ltr'><strong>versuum</strong></span> <span class='ocrx_word' id='word_1_232' title='bbox 673 3932 917 4004; x_wconf 88' lang='lat' dir='ltr'><strong>metrorumque</strong></span> <span class='ocrx_word' id='word_1_233' title='bbox 932 3927 1032 3987; x_wconf 83' lang='lat' dir='ltr'><strong>laxior</strong></span> <span class='ocrx_word' id='word_1_234' title='bbox 1041 3925 1191 4002; x_wconf 88' lang='lat' dir='ltr'><strong>quaedam</strong></span> <span class='ocrx_word' id='word_1_235' title='bbox 1205 3923 1374 4002; x_wconf 89' lang='lat' dir='ltr'><strong>responsio</strong></span> <span class='ocrx_word' id='word_1_236' title='bbox 1388 3939 1464 4000; x_wconf 91' lang='lat' dir='ltr'><strong>pro·</strong></span> 
     </span>
     <span class='ocr_line' id='line_1_34' title="bbox 292 4021 1465 4102; baseline -0.004 -19"><span class='ocrx_word' id='word_1_237' title='bbox 292 4023 396 4097; x_wconf 89' lang='lat' dir='ltr'><strong>datur,</strong></span> <span class='ocrx_word' id='word_1_238' title='bbox 421 4023 566 4102; x_wconf 89' lang='lat' dir='ltr'><strong>plerique</strong></span> <span class='ocrx_word' id='word_1_239' title='bbox 585 4025 746 4085; x_wconf 88' lang='lat' dir='ltr'><strong>editorum</strong></span> <span class='ocrx_word' id='word_1_240' title='bbox 769 4042 801 4085; x_wconf 87' lang='lat' dir='ltr'><strong>v.</strong></span> <span class='ocrx_word' id='word_1_241' title='bbox 823 4023 941 4084; x_wconf 78' lang='lat'><strong>152-62</strong></span> <span class='ocrx_word' id='word_1_242' title='bbox 960 4040 1018 4101; x_wconf 92' lang='lat' dir='ltr'><strong>pro</strong></span> <span class='ocrx_word' id='word_1_243' title='bbox 1037 4021 1274 4101; x_wconf 83' lang='lat' dir='ltr'><strong>alloeostrop&#39;bis</strong></span> <span class='ocrx_word' id='word_1_244' title='bbox 1293 4021 1465 4083; x_wconf 86' lang='lat' dir='ltr'><strong>duxerunt.</strong></span> 
     </span>
    </p>
   </div>
   <div class='ocr_carea' id='block_1_11' title="bbox 324 4181 836 4317">
    <p class='ocr_par' dir='ltr' id='par_1_13' title="bbox 324 4181 836 4317">
     <span class='ocr_line' id='line_1_35' title="bbox 324 4181 836 4244; baseline 0.006 -15"><span class='ocrx_word' id='word_1_245' title='bbox 324 4185 346 4230; x_wconf 91' lang='grc'><strong>1.</strong></span> <span class='ocrx_word' id='word_1_246' title='bbox 362 4182 398 4230; x_wconf 87' lang='lat' dir='ltr'><strong>De</strong></span> <span class='ocrx_word' id='word_1_247' title='bbox 414 4195 443 4230; x_wconf 86' lang='lat' dir='ltr'><strong>re</strong></span> <span class='ocrx_word' id='word_1_248' title='bbox 458 4182 567 4232; x_wconf 72' lang='lat' dir='ltr'><strong>accain</strong></span> <span class='ocrx_word' id='word_1_249' title='bbox 578 4181 664 4232; x_wconf 83' lang='lat' dir='ltr'><strong>AErch.</strong></span> <span class='ocrx_word' id='word_1_250' title='bbox 682 4183 736 4243; x_wconf 64' lang='lat' dir='ltr'><strong>Ort,</strong></span> <span class='ocrx_word' id='word_1_251' title='bbox 752 4196 780 4244; x_wconf 91' lang='lat' dir='ltr'><strong>p.</strong></span> <span class='ocrx_word' id='word_1_252' title='bbox 797 4185 836 4232; x_wconf 85' lang='grc'><strong>15.</strong></span> 
     </span>
     <span class='ocr_line' id='line_1_36' title="bbox 324 4252 827 4317; baseline 0.006 -16"><span class='ocrx_word' id='word_1_253' title='bbox 324 4255 346 4300; x_wconf 78' lang='lat'><strong>2.</strong></span> <span class='ocrx_word' id='word_1_254' title='bbox 364 4252 432 4303; x_wconf 89' lang='lat' dir='ltr'><strong>Vide</strong></span> <span class='ocrx_word' id='word_1_255' title='bbox 447 4252 475 4302; x_wconf 91' lang='lat' dir='ltr'><strong>in</strong></span> <span class='ocrx_word' id='word_1_256' title='bbox 491 4253 587 4317; x_wconf 88' lang='lat' dir='ltr'><strong>primis</strong></span> <span class='ocrx_word' id='word_1_257' title='bbox 604 4256 731 4304; x_wconf 56' lang='lat' dir='ltr'><strong>loetum</strong></span> <span class='ocrx_word' id='word_1_258' title='bbox 824 4286 827 4290; x_wconf 90' lang='lat'><em>-</em></span> 
     </span>
    </p>
   </div>
   <div class='ocr_carea' id='block_1_12' title="bbox 325 4325 1467 4461">
    <p class='ocr_par' dir='ltr' id='par_1_14' title="bbox 325 4325 1467 4461">
     <span class='ocr_line' id='line_1_37' title="bbox 325 4325 1004 4388; baseline 0.003 -16"><span class='ocrx_word' id='word_1_259' title='bbox 325 4326 348 4372; x_wconf 89' lang='grc'><strong>3.</strong></span> <span class='ocrx_word' id='word_1_260' title='bbox 361 4327 456 4374; x_wconf 83' lang='grc' dir='ltr'>παιᾶνα</span> <span class='ocrx_word' id='word_1_261' title='bbox 470 4327 514 4375; x_wconf 84' lang='grc' dir='ltr'><strong>τοῦ</strong></span> <span class='ocrx_word' id='word_1_262' title='bbox 529 4327 675 4384; x_wconf 81' lang='grc' dir='ltr'>θανόντος...</span> <span class='ocrx_word' id='word_1_263' title='bbox 688 4325 761 4388; x_wconf 70' lang='lat' dir='ltr'><strong>(lei).</strong></span> <span class='ocrx_word' id='word_1_264' title='bbox 999 4337 1004 4346; x_wconf 86' lang='lat'><strong>·</strong></span> 
     </span>
     <span class='ocr_line' id='line_1_38' title="bbox 325 4391 1467 4461; baseline 0.002 -21"><span class='ocrx_word' id='word_1_265' title='bbox 325 4395 348 4442; x_wconf 86' lang='lat' dir='ltr'><strong>l.</strong></span> <span class='ocrx_word' id='word_1_266' title='bbox 364 4393 424 4444; x_wconf 84' lang='lat' dir='ltr'><strong>vid.</strong></span> <span class='ocrx_word' id='word_1_267' title='bbox 441 4395 524 4452; x_wconf 78' lang='lat' dir='ltr'><strong>Wrra,</strong></span> <span class='ocrx_word' id='word_1_268' title='bbox 540 4393 624 4444; x_wconf 77' lang='lat' dir='ltr'><strong>Fieri.</strong></span> <span class='ocrx_word' id='word_1_269' title='bbox 642 4394 743 4457; x_wconf 72' lang='lat' dir='ltr'><strong>Jahrb,</strong></span> <span class='ocrx_word' id='word_1_270' title='bbox 763 4397 832 4457; x_wconf 88' lang='grc'><strong>1861,</strong></span> <span class='ocrx_word' id='word_1_271' title='bbox 848 4409 876 4458; x_wconf 92' lang='lat' dir='ltr'><strong>p.</strong></span> <span class='ocrx_word' id='word_1_272' title='bbox 894 4397 953 4458; x_wconf 76' lang='lat'>38⁰3</span> <span class='ocrx_word' id='word_1_273' title='bbox 969 4399 996 4446; x_wconf 87' lang='lat' dir='ltr'><strong>et</strong></span> <span class='ocrx_word' id='word_1_274' title='bbox 1019 4394 1142 4461; x_wconf 75' lang='lat' dir='ltr'><strong>Ghocplt,</strong></span> <span class='ocrx_word' id='word_1_275' title='bbox 1157 4394 1201 4447; x_wconf 88' lang='lat' dir='ltr'><strong>ed.</strong></span> <span class='ocrx_word' id='word_1_276' title='bbox 1217 4396 1288 4457; x_wconf 86' lang='grc'><strong>1860,</strong></span> <span class='ocrx_word' id='word_1_277' title='bbox 1307 4407 1333 4458; x_wconf 88' lang='lat' dir='ltr'><strong>p.</strong></span> <span class='ocrx_word' id='word_1_278' title='bbox 1349 4394 1389 4455; x_wconf 75' lang='lat' dir='ltr'><strong>tt,</strong></span> <span class='ocrx_word' id='word_1_279' title='bbox 1402 4391 1467 4443; x_wconf 89' lang='lat' dir='ltr'><strong>adn.</strong></span> 
     </span>
    </p>
   </div>
   <div class='ocr_carea' id='block_1_13' title="bbox 0 0 1646 5200">
    <p class='ocr_par' dir='ltr' id='par_1_15' title="bbox 0 0 1646 5200">
     <span class='ocr_line' id='line_1_39' title="bbox 0 0 1646 5200; baseline 0 0"><span class='ocrx_word' id='word_1_280' title='bbox 0 0 1646 5200; x_wconf 95' lang='lat' dir='ltr'><strong> </strong></span> 
     </span>
    </p>
   </div>
  </div>
 </body>
</html>
