3284 5200
799 446 901 512 ..130
920 482 961 496 ..

293 585 499 647 Hermannus
526 583 573 646 sic
597 583 799 646 hemichoria
824 582 989 662 componit
1009 589 1046 646 ut
1071 582 1185 646 novies
1208 587 1467 668 unumquodque

294 689 403 746 cantet
426 681 447 740 ¹.
477 681 607 743 Mutius
633 681 832 744 hemichoria
861 681 995 760 quidem
1024 680 1153 755 retinet,
1182 683 1240 745 sed
1267 689 1397 746 cantum
1425 687 1467 749 ad

293 781 502 860 coryphaeum
528 785 776 858 parastatenque
800 780 903 849 defert
925 778 949 839 ².
974 780 1042 857 Ego
1065 795 1155 854 ver0,
1178 797 1363 860 quanquam
1386 783 1465 845 mihi

293 896 359 940 non
378 894 471 939 sumo
491 883 526 941 ut
544 877 761 938 intractabiles
778 877 886 938 adhuc
904 893 1020 938 versus
1038 878 1211 940 emendare
1230 895 1339 956 coner,
1355 886 1465 944 tamen

293 975 372 1037 nihii
387 993 460 1037 esse
472 975 571 1036 fateor
588 990 646 1035 cur
659 974 859 1035 hemichoria
873 974 938 1036 sint
957 974 1178 1036 desideranda.
1194 977 1310 1054 Neque
1329 979 1415 1039 enirn
1431 979 1465 1040 in

293 1073 458 1150 superiore
473 1071 592 1134 chorici
609 1077 700 1150 parte
714 1071 820 1133 locum
839 1071 971 1147 hahent,
984 1088 1094 1149 neque
1107 1072 1215 1133 statim
1228 1073 1261 1134 in
1279 1074 1464 1153 insequenti

293 1186 420 1232 commo
432 1169 687 1244 adhibebuntur3
701 1169 888 1248 quomimus
903 1174 1062 1246 praeterea
1074 1169 1157 1231 hanc
1170 1176 1372 1233 cantatorum
1384 1173 1464 1236 cho·

292 1267 394 1329 ricam
404 1267 539 1327 sormam
548 1267 753 1328 instituamus
766 1265 928 1344 prohibet,
938 1272 973 1327 ut
983 1265 1190 1329 Wecklinius
1203 1268 1428 1333 animadvertit
1437 1271 1462 1345 ³,

293 1365 453 1442 praeconis
473 1363 618 1441 irruptio,
639 1381 713 1442 quae
734 1363 990 1426 artificiosiorem
1010 1362 1238 1426 choreutarum
1258 1367 1463 1443 partitionem

292 1463 441 1525 turbavit.
458 1462 624 1535 Quocirca,
642 1461 739 1524 etiam
759 1468 906 1539 respecta
923 1462 1092 1538 scripturae
1112 1463 1304 1542 corruptela,
1320 1465 1465 1543 singulas

293 1561 449 1623 Danaides
461 1577 578 1622 canere
587 1567 641 1622 aut
652 1561 760 1639 potius
770 1577 839 1638 prae
849 1550 968 1638 pavore
983 1560 1095 1636 ejurari
1106 1577 1125 1621 a
1136 1578 1173 1622 re
1183 1561 1289 1623 minus
1298 1562 1462 1626 abhorret.

293 1658 367 1732 Sed,
384 1665 419 1721 ut
433 1666 469 1721 ut
481 1659 554 1722 haec
572 1664 658 1732 sunt,
675 1658 853 1720 versiculos
870 1658 951 1718 istos
966 1656 1105 1737 (825-35)
1122 1658 1346 1738 rhythmorum
1359 1668 1462 1724 muta·

292 1757 391 1835 tione,
416 1764 594 1819 metrorum
616 1757 737 1818 fabrica
761 1763 792 1818 et
816 1756 1048 1817 sententiarum
1070 1755 1167 1818 etiam
1189 1763 1304 1819 natura
1326 1759 1422 1838 longe
1443 1777 1463 1822 a

292 1856 453 1932 prioribus
472 1855 653 1916 discordare
672 1854 888 1915 certissimum
907 1861 968 1929 est,
989 1855 1085 1916 simul
1104 1861 1137 1916 et
1155 1872 1214 1933 pro
1230 1857 1330 1918 totius
1348 1857 1463 1920 cantici

293 1951 451 2032 (tro-835)
466 1952 569 2029 epodo
588 1953 753 2013 ducendos
767 1969 850 2013 esse.
867 1952 960 2025 Quod
979 1953 1008 2014 si
1026 1953 1124 2031 igitur
1140 1954 1323 2031 exemplum
1342 1955 1383 2016 ab
1403 1955 1462 2017 isto

292 2050 495 2110 choricorum
509 2065 629 2126 genere
642 2049 779 2111 trahitur
790 2067 865 2127 quae
877 2050 944 2128 jam
958 2050 991 2111 in
1007 2052 1114 2112 Persis
1126 2051 1305 2128 reperimus
1318 2051 1460 2130 (633-80;

291 2145 453 2227 852-906),
479 2146 613 2208 stoechis
635 2164 667 2208 v.
690 2145 960 2221 inconbendo
983 2152 1093 2209 autem
1116 2148 1267 2210 universo
1288 2165 1319 2208 v.
1344 2149 1463 2213 are-35

291 2245 551 2324 assignabuntur,
567 2245 713 2323 quamvis
723 2251 833 2308 tamen
847 2246 889 2307 de
902 2245 1003 2319 hisce,
1015 2251 1170 2324 tanquam
1181 2245 1368 2324 inquinatis,
1384 2248 1464 2309 nihil

290 2343 527 2405 affirmaverim.
1003 2335 1006 2338 ’

331 2441 516 2503 Proximum
544 2457 708 2502 commum
731 2439 896 2521 (836-911)
922 2439 1027 2518 pauci,
1052 2447 1089 2504 ut
1116 2439 1370 2520 vitiosissimum,
1393 2445 1464 2506 ausi

291 2544 367 2601 sunt
377 2537 505 2601 chorico
515 2537 718 2616 interpretari
732 2555 740 2601 :
755 2540 859 2601 aleam
870 2545 980 2603 tamen
993 2538 1105 2613 subeo,
1117 2555 1159 2600 ne
1170 2538 1249 2618 quid
1259 2539 1463 2619 inexpertum

291 2648 480 2726 relinquam.
502 2646 540 2707 In
559 2647 670 2725 primis
688 2664 766 2710 vero
786 2649 887 2711 verba
904 2632 1015 2704 οὐκοῦν
1031 2630 1143 2702 οὐκοῦν
1163 2634 1274 2729 τιλμοὶ
1293 2636 1459 2731 τιλμοὶ...

292 2743 361 2821 (837
376 2743 464 2824 sqq.)
480 2760 545 2806 non
559 2744 669 2816 choro,
684 2744 767 2807 sicut
781 2746 987 2808 Hermannus
1000 2744 1012 2778 ⁸
1026 2750 1059 2806 et
1072 2743 1222 2806 Paleius⁵
1235 2746 1379 2820 voluere,
1390 2748 1459 2821 sed,

291 2842 389 2903 veluti
405 2860 424 2903 e
437 2858 592 2903 versuum
605 2859 703 2903 sensu
719 2848 751 2903 et
765 2859 801 2903 re
815 2843 949 2904 metrica
962 2846 1060 2919 patet,
1078 2841 1221 2920 praeconi
1236 2843 1465 2905 adscribendos

291 2956 366 3001 cum
380 2938 497 3002 Weilio
513 2939 569 3001 ‘et
583 2938 781 3002 Kirchhcffio
796 2938 945 3002 'censeo
962 2941 1111 3017 Namque
1124 2956 1222 3001 voces
1235 2941 1350 3018 copula
1364 2941 1464 3004 desti·

290 3042 369 3100 tutae
377 3044 413 3099 ut
421 3038 597 3099 minitantis
606 3037 780 3113 iterantur3
792 3043 936 3098 ceterum
945 3054 976 3098 v.
984 3036 1102 3099 835-42
1110 3037 1348 3116 sacileprocdus
1357 3039 1464 3099 vocari

290 3143 425 3213 queunt,
447 3142 560 3212 utpote
578 3133 768 3213 astrophici3
789 3139 823 3197 et
841 3134 881 3196 ab
900 3135 1042 3215 AEschyli
1061 3136 1297 3198 consuetudine
1314 3151 1464 3198 aversum

291 3240 340 3296 est
353 3234 525 3311 proodicos
537 3249 652 3295 versus
665 3233 750 3293 inter
767 3248 898 3294 scenam
912 3233 1179 3313 orchestramque
1195 3233 1303 3295 dividi.

329 3332 345 3391 J
348 3349 410 3403 am,
428 3337 554 3392 remoto
573 3330 634 3391 isto
651 3330 896 3407 impediment0,
913 3330 947 3390 in
962 3333 1100 3409 majores
1114 3331 1213 3393 etiam
1228 3330 1371 3393 salebras
1385 3332 1464 3393 inci·

291 3427 408 3489 dimus.
429 3428 465 3487 V.
489 3425 637 3502 866-911,
663 3443 849 3506 quanquam
873 3432 932 3504 per
955 3428 1162 3515 tenebricosa·
1179 3446 1256 3492 saxa
1276 3416 1462 3504 decurrunt,

289 3532 398 3587 tamen
410 3525 451 3586 ad
461 3526 581 3587 exitum
592 3525 725 3602 perduci
738 3532 888 3603 possunt;
903 3524 1017 3586 84865
1029 3541 1105 3587 vero
1116 3542 1182 3587 non
1193 3526 1303 3589 valent
1314 3528 1461 3604 pedihus·

290 3624 417 3685 Primus
442 3640 499 3684 eos
519 3623 751 3701 antistrophice
771 3624 978 3684 Hermannus
999 3621 1171 3699 disposuit,
1194 3623 1253 3683 sed
1275 3623 1309 3682 in
1331 3622 1462 3700 stropha

289 3730 388 3791 verba
413 3717 539 3812 αἵμονες
566 3717 608 3792 ὣς
636 3715 814 3811 ἐπάμιδα...
840 3726 913 3805 (817
933 3725 1021 3806 sqq.)
1043 3733 1075 3789 et
1098 3728 1329 3805 antistrophice
1352 3728 1459 3801 etiam,

322 3909 345 3957 1.
357 3908 417 3957 Vid.
437 3908 509 3970 npnd
530 3908 714 3959 Hermannum
729 3907 827 3973 (AEsch.
846 3908 935 3973 Traq„
959 3908 979 3969 1,
1000 3923 1027 3974 p.
1049 3910 1080 3959 32
1101 3908 1163 3978 sqq)
1183 3921 1244 3973 quoe
1263 3909 1299 3961 sit
1317 3910 1460 3960 verborum

288 3978 360 4029 inter
379 3980 543 4030 hemichoria
558 3980 724 4043 distributio,
741 3993 822 4043 qnam
838 3992 893 4029 non
909 3982 986 4029 vacat
1000 3982 1110 4031 reterre.

320 4051 343 4099 2.
357 4050 441 4101 rrect.
455 4050 557 4113 Jahrb,
572 4054 643 4113 1883,
659 4067 685 4115 p.
703 4053 742 4101 21.

320 4122 343 4169 3.
358 4121 442 4171 Flecte.
453 4121 554 4183 Jahrb,
571 4123 715 4187 13²Supp1.
733 4123 769 4181 b,
784 4121 849 4173 Uber
862 4122 889 4171 d.
906 4121 1056 4174 rooboth...

321 4193 344 4239 t.
359 4191 444 4240 AEsch.
461 4195 541 4255 trop,
555 4192 660 4257 Suppt„
675 4207 701 4255 p.
714 4195 753 4243 32.

320 4263 343 4309 5.
360 4262 409 4311 The
421 4263 551 4326 trapedies
562 4264 596 4325 of
603 4262 749 4327 AEsetyrus,
761 4262 865 4328 Suppl,
881 4279 906 4328 p.
924 4266 1005 4315 'tr-ta.

320 4333 343 4379 6.
358 4330 444 4381 AEsch.
455 4332 558 4397 Suppl„
572 4336 642 4396 1867,
656 4348 681 4395 p.
696 4336 734 4383 85.
985 4345 988 4351 “

320 4404 343 4451 i.
358 4402 442 4453 AErct.
457 4404 544 4467 Troy,
559 4405 686 4465 Berolini,
702 4405 771 4469 1880,
785 4417 812 4469 p.
827 4406 883 4455 319.
