3284 5200
820 444 980 508 -qq-

314 584 405 646 hisce
424 579 601 644 luminibus
620 600 684 643 uua
706 583 931 644 tantummodo
948 600 1001 644 res
1019 583 1208 646 illustratur.
1226 585 1264 646 In
1284 587 1388 664 primo
1407 595 1492 650 stro·

314 682 452 761 pharum
481 681 548 760 pari
577 698 659 759 quos
689 697 827 758 pavores
853 681 989 741 induant
1018 682 1171 743 mulieres
1201 683 1393 760 significant,
1419 694 1489 746 tum

314 797 372 857 spe
387 796 502 856 magna
518 785 668 839 tenentur
683 796 747 839 non
763 779 831 840 iore
845 785 880 838 ut
891 779 980 840 urbis
995 787 1238 841 conservatores
1252 781 1295 841 dii
1311 799 1382 842 aras
1396 783 1490 845 dese·

314 893 386 939 rere
399 878 510 952 velint,
527 877 602 954 quia
620 875 740 936 nullam
755 876 971 953 acceptiorem
986 877 1047 938 sibi
1061 877 1222 938 civitatem
1239 879 1489 959 devotioresque
1545 908 1557 920 ·

314 991 474 1052 nusquam
489 975 576 1035 cives
589 973 731 1050 reperire
742 981 873 1052 queant.
891 975 993 1046 Quam
1004 975 1125 1036 chorici
1139 983 1263 1052 partem
1272 994 1337 1038 non
1353 979 1488 1040 alternis

314 1071 533 1149 hemichoriis,
551 1072 608 1132 sed
624 1071 739 1132 iisdem
759 1071 850 1132 clrori
867 1072 1014 1148 personis
1033 1073 1248 1135 mandandam
1267 1092 1338 1136 esse
1358 1093 1396 1135 er
1415 1077 1488 1153 ipsa

314 1171 487 1232 verborum
515 1169 748 1246 compositione
781 1169 949 1248 lyrioaque'
974 1170 1153 1232 ratiuncula
1180 1172 1392 1234 concluditur.
1423 1174 1486 1236 Ubi

315 1267 568 1346 oppugnantium
591 1268 760 1344 impetum,
781 1284 997 1347 saxorumque
1021 1285 1061 1330 er
1081 1269 1192 1346 oppidi
1212 1270 1337 1349 fastigio
1360 1272 1484 1348 jacula-

315 1365 435 1427 tionem
455 1366 573 1426 chorus
592 1365 726 1441 effinxit,
744 1372 814 1426 tum
835 1382 948 1426 versus
962 1367 1004 1428 ad
1017 1367 1123 1429 Deos:

474 1551 554 1612 παντὶ
569 1556 671 1636 τρόπῳ,
688 1555 829 1632 Διογενεῖς
843 1551 911 1625 θεοὶ,
928 1554 1009 1612 πόλιν
1024 1552 1070 1613 καὶ
1085 1561 1203 1636 στρατὸν

478 1652 644 1732 Καδμογενῆ
656 1647 750 1734 ῥύεσθε
767 1647 939 1731 (301-302).

316 1847 512 1925 Exquisitam
532 1847 619 1906 enim
634 1845 750 1907 Dircaei
771 1846 867 1907 fontis
885 1863 1001 1924 aquam
1020 1863 1079 1924 pro
1099 1863 1164 1925 quo
1180 1854 1257 1924 potu
1277 1847 1487 1926 permutetis‘l

315 1949 427 2030 Itaque
443 1941 530 2033 (πρὸς
547 1939 672 2010 mist...
689 1950 761 2033 312)
777 1951 921 2014 hostium
934 1970 1057 2014 armaa
1076 1955 1238 2016 moenibus
1256 1955 1459 2032 prohibetote
1476 1971 1484 2015 ε

478 2136 524 2198 καὶ
538 2139 646 2204 πόλεως
660 2135 769 2220 ῥύτορες
787 2135 884 2204 (ἔστε
897 2137 960 2205 τ’>
978 2137 1084 2221 εὔεδροί
1097 2162 1128 2199 τε
1143 2139 1258 2217 στάθητ’

476 2234 600 2316 ὀξυγόοις
619 2238 744 2296 λιταῖσιν.

316 2433 386 2494 Jam
402 2432 453 2493 cui
475 2447 539 2491 non
559 2431 697 2493 occurrit
713 2431 856 2509 strophae
871 2437 903 2493 et
917 2432 1127 2511 antistrophae
1142 2431 1171 2492 α’
1188 2434 1294 2494 inesse
1315 2434 1488 2496 sententia·

317 2545 390 2591 rum
410 2546 596 2607 processum
617 2529 673 2607 qui
698 2535 843 2591 actorum
863 2530 1081 2592 diversitatem
1106 2532 1249 2609 repellat,
1276 2536 1308 2592 ot
1330 2531 1489 2610 ejusmodi

317 2646 348 2689 v.
362 2626 498 2689 sol-302
511 2634 543 2689 et
557 2626 675 2688 319-20
689 2645 761 2689 esse
778 2635 814 2689 ut
828 2646 893 2689 non
908 2629 969 2689 nisi
984 2629 1025 2689 ad
1038 2647 1139 2690 unum
1154 2631 1369 2708 eumdemque
1383 2637 1488 2691 canta·

317 2732 420 2787 torem
432 2726 595 2786 transferri
609 2726 757 2803 possint?

359 2826 395 2884 ln
409 2823 510 2885 altero
523 2824 618 2883 etiam
633 2829 667 2885 et
679 2824 774 2884 tertio
789 2824 993 2902 stropharum
1007 2824 1074 2901 pari
1090 2824 1219 2885 urbium
1234 2831 1401 2902 captarum
1414 2826 1490 2887 ima·

318 2921 410 2999 gines
429 2922 539 2983 multae
559 2928 645 2995 suut,
662 2922 751 2983 velut
768 2922 960 2983 feminarum
978 2922 1191 3000 captivitates
1214 2924 1394 3001 praedarum
1411 2940 1488 3001 cap-

315 3026 401 3081 turae
416 3026 448 3081 et
468 3020 703 3094 comestiones
725 3020 929 3081 defensorum
946 3020 1108 3095 interitus,
1124 3019 1265 3081 hostium
1286 3022 1351 3083 huo
1365 3027 1398 3083 et
1412 3021 1490 3083 illuc

318 3118 589 3191 concursationes
610 3134 684 3195 quae
705 3117 738 3177 in
761 3117 911 3178 eumdem
930 3134 1030 3196 prope
1057 3118 1189 3178 modum
1214 3118 1440 3179 describuntur
1463 3119 1486 3179 ¹.

319 3216 383 3276 Ista
401 3222 508 3276 autem
528 3216 674 3276 locorum
691 3214 881 3291 geminatm,
904 3215 931 3274 si
952 3215 1068 3276 iisdem
1087 3215 1294 3277 hemiohoriis
1315 3215 1488 3289 dabuntur,

318 3312 517 3388 ineptissima
535 3312 611 3389 erit;
627 3312 800 3373 sinautem
819 3311 955 3373 diversis
974 3313 1152 3388 ordinibus,
1168 3314 1210 3373 ad
1230 3312 1330 3374 fidem
1344 3315 1486 3377 accedet.

320 3409 453 3485 Propius
473 3416 522 3469 est
539 3426 616 3470 vero
635 3424 709 3486 quae
729 3410 807 3470 ordo
825 3410 941 3488 aliquis
964 3426 1031 3487 prae
1051 3417 1173 3472 terrore
1187 3411 1324 3483 tinxerit,
1346 3428 1384 3472 ea
1403 3412 1490 3473 haud

319 3505 506 3566 absimiliter
520 3506 560 3566 ab
575 3506 687 3577 altero,
700 3513 851 3567 manente
864 3508 978 3568 eodem
993 3508 1194 3584 publicarum
1210 3508 1487 3586 rerumpericu10‚

319 3602 489 3679 excogitari
511 3609 543 3663 et
566 3603 711 3681 exprimi.
732 3604 855 3665 Temos
870 3604 968 3683 igitur
987 3606 1130 3667 stoechos
1153 3612 1344 3679 statuemus,
1362 3606 1490 3684 istaque

320 3705 519 3761 cantatorum
542 3700 711 3762 instructio
734 3702 809 3764 inde
833 3702 1077 3765 confirmabitur
1101 3704 1199 3782 quod,
1219 3709 1253 3764 ut
1273 3704 1307 3764 in
1329 3703 1363 3764 id
1385 3720 1490 3781 genus

319 3797 443 3859 melicis
466 3798 532 3874 jam
560 3798 699 3859 vidimus
719 3800 740 3873 ²,
765 3800 817 3860 vix
843 3801 972 3861 variatis
998 3816 1170 3863 sensorum
1197 3800 1306 3862 formis
1329 3801 1490 3863 delitescit

319 3896 497 3974 argumenti
517 3896 714 3974 simplicitas.
1419 3921 1420 3924 ¹

360 3994 399 4055 V.
415 3993 531 4056 369-74
546 3995 707 4073 plerisque
722 3994 842 4057 criticis
855 3996 1046 4058 dividendos
1058 4013 1130 4058 esse
1147 3996 1252 4058 visum
1272 4002 1321 4059 est
1339 4003 1371 4057 et
1384 3995 1488 4056 hemi-

320 4091 436 4153 choriis
450 4094 635 4168 tradendos,
652 4110 726 4154 cum
745 4093 956 4170 speculatoris
970 4094 1147 4157 adventurn
1166 4094 1388 4172 priorvtarnio,
1403 4093 1489 4172 regis

351 4348 373 4393 r.
389 4344 427 4393 cr.
443 4346 497 4405 aas,
509 4346 682 4406 auaro-arr,
698 4347 753 4405 au,
770 4348 828 4408 555,
844 4347 897 4401 sm,
914 4343 971 4407 555,
985 4346 1099 4406 aso-am,
1114 4346 1170 4406 555,
1186 4359 1246 4410 sqq.

350 4417 374 4463 5.
387 4414 424 4464 55.
441 4414 523 4477 rere,
538 4417 654 4475 555555,
668 4417 784 4477 saa-on,
800 4417 913 4467 asa-asc.
929 4444 959 4453 -
972 4416 1076 4481 Suppa,
1088 4418 1213 4479 oar-6913
1226 4418 1344 4467 rra-mr.
