3284 5200
808 452 970 518 ..18-

307 600 450 682 perbene
467 597 625 660 intellexit
641 595 749 660 verbis
768 583 916 680 ἴυζ’ὁμοῦ
944 586 1041 660 τιθεὶς
1067 583 1162 680 μέλος
1188 593 1293 677 (toto)
1310 611 1377 656 non
1399 594 1475 658 uni.

303 698 389 762 versi
402 697 491 759 chori
506 701 699 758 concentum
716 694 903 774 significari,
919 695 978 756 sed
995 693 1081 772 regis
1098 708 1174 756 cum
1190 692 1381 770 compellato
1396 711 1475 756 sene

305 796 467 876 quoddam
487 793 645 856 moerendi
664 792 872 867 consortium,
888 798 1124 870 proptereaque
1142 790 1177 851 in
1194 807 1227 851 v.
1239 788 1418 852 1038-1065
1433 791 1475 853 de

305 900 466 965 choreutis
487 899 641 977 deinceps
659 899 850 960 canentibus
872 904 905 960 et
926 890 1003 953 κατὰ
1023 886 1105 980 ζυγὰ
1125 896 1311 975 compositis
1332 897 1475 975 cogitan-

304 1000 382 1062 dum
401 1015 482 1062 esse.
504 997 563 1059 Cui
579 996 711 1076 quidem
731 996 873 1073 opinioni
893 995 1026 1057 omnino
1046 995 1226 1057 assentior:
1243 1011 1346 1072 pauca
1364 1002 1473 1057 temen

305 1096 423 1160 addere
437 1097 531 1157 liceat
546 1111 610 1173 quo
625 1093 743 1155 clarius
756 1111 810 1155 res
824 1095 953 1155 scenica
966 1094 1155 1155 illustretur.

342 1196 517 1271 Postquam
531 1209 562 1252 v.
579 1190 732 1253 931-1001
753 1208 809 1253 rex
823 1208 984 1270 senesque
998 1208 1115 1253 canere
1128 1191 1291 1268 desinunt,
1307 1191 1472 1255 choreutae

302 1292 335 1353 in
349 1290 547 1353 hemichoria
558 1289 1021 1368 consistunt,singillatimque,
1030 1289 1195 1351 orchestra
1208 1289 1330 1362 relicta,
1340 1307 1471 1352 scenam

300 1389 495 1451 inscendunt
517 1394 553 1450 ut
574 1388 714 1451 Xerxem
737 1389 910 1461 deducant,
926 1387 1148 1450 comitantium
1171 1393 1300 1450 caterva
1322 1389 1471 1450 orbatum

301 1485 428 1578 (γυμνός
448 1482 518 1579 εἰμι
535 1487 741 1578 προπομπῶν,
758 1492 863 1575 1036).
880 1494 1008 1556 Primus
1022 1500 1133 1557 autem
1147 1495 1340 1573 coryphaeus
1353 1515 1372 1557 a
1386 1496 1471 1574 regis

297 1594 431 1656 sinistra
449 1599 512 1656 stat
527 1590 742 1674 (1003-1006),
759 1593 992 1671 confestimque
1006 1597 1215 1672 parastatesa
1232 1594 1342 1654 dextra
1360 1592 1469 1674 (1009-

296 1691 407 1773 1013);
431 1691 547 1754 deinde
568 1691 658 1769 quini
682 1707 778 1754 senes
802 1697 876 1768 post
899 1697 932 1752 et
951 1692 1043 1769 juxta
1065 1690 1272 1770 coryphaeum
1293 1708 1372 1771 zyga
1395 1692 1470 1754 hina

297 1790 462 1852 instruunt
477 1789 689 1872 (10101005),
706 1790 906 1867 totidemque
920 1789 1087 1851 choreutae
1101 1788 1135 1849 in
1149 1790 1249 1852 altera
1262 1795 1352 1867 parte
1366 1789 1468 1852 simil·

297 1887 413 1949 limum
438 1889 585 1950 ordinem
613 1894 813 1965 componunt
839 1885 1055 1970 (loto-1037),
1078 1887 1166 1949 velut
1188 1904 1229 1949 ex
1249 1887 1362 1965 figuris
1387 1889 1469 1952 inira

298 1984 468 2047 delineatis
480 1985 591 2048 videre
605 1983 686 2047 est1.

780 2193 811 2238 v.
834 2175 981 2238 931-1001

418 2283 452 2349 4
476 2273 503 2335 θ’
668 2282 702 2348 4
728 2271 747 2335 ι’
997 2282 1031 2348 t
1056 2276 1083 2336 ⁸4

417 2380 451 2446 t
476 2369 501 2432 ε’
665 2379 700 2445 ’t
724 2369 748 2440 ε’
997 2380 1032 2446 ’t
1055 2371 1081 2444 ζ’

417 2477 451 2543 ’t
476 2466 505 2530 α’
661 2471 700 2549 tt
721 2467 749 2551 β’
993 2471 1032 2550 it
1053 2468 1083 2552 γ’

765 2585 796 2631 v.
820 2567 994 2631 toontost

657 2681 828 2739 vertuntur
840 2694 921 2755 zyga
934 2676 976 2737 ad
989 2675 1105 2739 scalas,

332 2837 417 2913 ΗΥ
542 2835 620 2911 *r'
1106 2836 1204 2911 *ru'
1328 2839 1426 2912 426'

418 2933 517 3009 Η
641 2932 724 3008 ’ec'
961 2995 964 3000 <
1039 2932 1102 3008 *ζ’
1240 2935 1326 3011 ’tn'

533 3032 620 3107 ’ts'
735 3030 826 3114 Μ’
948 3029 1037 3113 itr'
1088 3112 1106 3126 ,,
1140 3030 1226 3106 ’ti'

538 3194 572 3255 in
585 3210 683 3256 scena
697 3210 794 3256 senes
808 3194 991 3257 comitaturi
1005 3194 1219 3257 instruuntur.

332 3767 426 3826 Nunc
454 3782 530 3828 vero
559 3765 721 3844 quomodo
749 3781 780 3825 v.
811 3764 985 3828 10301006
1015 3773 1172 3829 canantur
1199 3768 1291 3830 facile
1319 3776 1461 3847 apparet.

294 3871 400 3935 Primo
423 3872 510 3934 enim
529 3888 587 3935 rex
608 3871 769 3933 interioris
791 3871 914 3934 sinistri
934 3875 1005 3954 zygi
1025 3880 1206 3937 extremum
1229 3876 1427 3952 choreutam,
1446 3864 1465 3932 t'

293 3972 427 4050 scilicet,
442 3977 475 4033 et
497 3971 592 4034 tertio
611 3970 683 4033 loco
702 3971 912 4049 coryphaeum
938 3974 1065 4050 plorare
1082 3974 1175 4051 iubet
1193 3981 1226 4038 et
1244 3975 1334 4037 aedes
1354 3964 1465 4053 petere

293 4067 474 4150 (103835);
502 4086 617 4132 rursus
642 4069 739 4131 etiam
767 4070 950 4146 proximum
977 4089 997 4134 a
1024 4072 1138 4134 dextra
1164 4090 1280 4153 zygum
1308 4080 1341 4136 et
1369 4074 1464 4138 tertio

293 4166 511 4263 quoquelooo
529 4173 711 4246 parastaten
733 4165 950 4250 (imo-1053„
972 4176 1135 4248 postremo
1154 4171 1286 4234 alternis
1307 4172 1464 4235 exteriora

324 4415 348 4463 t.
363 4407 402 4488 ᾖ
418 4414 440 4480 β’
455 4436 485 4459 =
500 4416 673 4481 coryphaeus3
691 4410 730 4488 ᾗ
744 4416 767 4483 p
780 4438 810 4463 =
825 4422 991 4482 parastaten
1009 4419 1044 4485 4
1060 4442 1090 4465 =
1104 4422 1187 4472 ceteri
1202 4423 1348 4476 choreutoe.
