3284 5200
790 468 951 534 *7⁴-

284 620 396 667 eorum
408 604 523 667 ducem
536 605 730 685 pertinente,
741 605 931 685 sensimque
940 604 981 665 ad
990 604 1227 666 aristerostatas
1235 602 1457 665 transferetur.

286 702 473 782 Praeclpuus
491 708 600 765 autem
614 703 676 765 iste
690 703 779 765 chori
798 720 913 765 versus
926 702 1105 763 maximnm
1125 717 1356 780 summumque
1373 706 1459 762 stro·

285 799 420 874 pharum
434 802 602 880 perctarit,
619 808 652 863 et
666 802 744 879 quid
758 800 866 862 tabula
879 801 1051 863 admoneat
1065 797 1238 878 magnifice
1252 798 1392 861 declarat
1407 816 1415 856 ε
1449 806 1454 843 1

442 954 520 1035 φέρει
535 952 654 1034 φέροντ’,
671 950 769 1012 ἐκτίνει
783 952 824 1011 δ’ὁ
840 949 950 1013 καίνων.

443 1048 519 1129 μένει
533 1047 563 1109 δὲ
578 1049 724 1129 μίμνοντος
740 1052 768 1109 ἐν
782 1053 868 1131 θρόνοι
882 1047 943 1117 Διὸς

443 1151 543 1208 παθεῖν
556 1146 602 1207 τὸν
617 1146 740 1231 ἔρξαντα·
753 1149 864 1227 θέσμιον
876 1148 927 1229 γάρ
941 1144 1095 1227 (1560·9).

287 1319 435 1379 Ceterum
455 1315 657 1395 coryphaeus‚
675 1332 740 1377 non
759 1322 795 1377 ut
813 1316 905 1378 chori
923 1316 1063 1377 vicarius
1080 1315 1139 1378 sed
1155 1321 1192 1376 ut
1209 1318 1459 1393 protostatarum

286 1414 446 1492 princeps,
463 1414 661 1492 amplissima
681 1414 889 1493 hypermetra
908 1414 1091 1475 declamitct
1112 1409 1285 1492 (1538-16),
1304 1418 1347 1488 et,
1368 1415 1459 1489 post-

286 1528 384 1591 quam
411 1512 508 1574 ceteri
532 1512 732 1591 reliquorum
759 1513 958 1574 stoechorum
984 1511 1084 1573 duces
1110 1511 1179 1573 sive
1207 1512 1364 1573 Helenam
1391 1509 1460 1571 sive

286 1612 527 1688 Agamemnone
550 1611 836 1688 compellaverunt,
859 1610 942 1687 ipse,
966 1626 1042 1688 quae
1066 1614 1116 1671 est
1135 1609 1276 1671 nominis
1298 1607 1461 1686 olliciique

285 1708 437 1787 pravitas,
451 1708 726 1771 confidentissime
741 1708 1008 1787 clytemnestram
1020 1708 1167 1785 increpat
1181 1722 1189 1768 ε

441 1850 459 1932 ἦ
473 1856 505 1919 οἶν
518 1857 577 1919 τόδ’
588 1857 665 1941 ἔρξαι
674 1860 783 1938 τλήσει,
802 1857 923 1918 κτείνοισ’

444 1955 529 2038 ἄνδρα
543 1962 589 2016 τὸν
606 1961 694 2034 αὑτῆς
709 1953 890 2016 ἀποκωκῦσαι
895 1998 956 2017 .....
973 1954 1147 2034 (151344).

325 2125 371 2185 De
386 2124 499 2186 ultimo
521 2124 665 2203 episodio
682 2141 747 2186 non
770 2126 947 2203 quidquem
967 2126 1034 2187 lere
1053 2126 1161 2187 dicere
1177 2124 1291 2194 ausim,
1308 2122 1460 2202 quoniam

287 2222 382 2283 nimis
405 2222 622 2284 adulteratum
651 2229 701 2285 est
719 2223 740 2282 ¹.
769 2224 816 2285 lte
843 2216 874 2283 ν.
900 2223 995 2301 1611,
1025 2221 1104 2284 1617
1132 2228 1164 2285 et
1188 2221 1268 2284 1631
1293 2222 1334 2281 ad
1362 2236 1459 2281 unam

287 2336 433 2381 normam
447 2327 523 2382 sunt
539 2320 700 2381 informati
720 2327 757 2382 ut
775 2320 1082 2399 antistrophicorum
1100 2320 1244 2398 speciem
1263 2320 1412 2393 referant,
1427 2323 1460 2379 et

287 2417 487 2495 loquentium
512 2418 732 2479 diversitatem
753 2424 920 2481 testentur.
945 2418 1051 2493 Quare
1075 2420 1102 2479 si
1124 2418 1278 2480 librorum
1302 2417 1461 2495 scriptura

286 2515 470 2593 recipietur,
484 2515 545 2577 ista
560 2515 713 2594 episodicl
730 2517 848 2578 cornmi
864 2524 1024 2578 commata
1038 2516 1171 2579 minime
1185 2514 1458 2577 hemichoriorum

287 2630 360 2691 quae
376 2615 552 2674 Hermanni
571 2615 679 2692 opinio
698 2619 748 2676 cst
760 2616 781 2689 ²,
803 2617 862 2676 sed
880 2631 1034 2694 rygorum
1049 2613 1210 2692 primariis
1226 2613 1305 2675 viris
1322 2613 1459 2688 tradem,

286 2736 368 2798 quos
386 2719 433 2780 sic
457 2720 655 2798 propemodo
677 2726 816 2782 statuam
837 2710 879 2798 β’,
897 2707 936 2793 δ’,
959 2709 999 2793 α’,
1015 2710 1058 2802 γ’,
1075 2727 1112 2782 ut
1130 2719 1337 2799 amplissimae
1351 2723 1460 2796 partes

286 2817 325 2878 ad
344 2817 554 2896 coryphaeum
569 2824 602 2880 et
618 2818 658 2878 ad
675 2823 861 2897 parastaten
878 2824 1037 2896 spectent.
1055 2819 1178 2880 Deinde
1196 2816 1374 2879 tetrametri
1391 2821 1460 2877 tro·

286 2915 389 2976 chaici
402 2932 467 2978 non
482 2916 680 2978 stoechorum
690 2917 713 2994 ³,
724 2934 840 2980 verum
855 2917 1019 2996 coryphaei
1029 2924 1243 2996 erunt,quem
1252 2913 1347 2977 decet
1356 2913 1461 2976 socios

286 3013 326 3074 ad
341 3030 430 3074 arma
443 3031 559 3076 vocare
572 3021 604 3076 et
618 3015 658 3076 ed
675 3015 742 3075 vim
757 3015 894 3093 AEgisthi
913 3016 1134 3092 repellendam
1152 3015 1280 3092 praeire.
1296 3012 1459 3085 Quamob-

286 3128 356 3174 rem
376 3111 430 3173 ille
449 3119 483 3174 et
500 3113 714 3174 interfectoris
730 3113 834 3174 minas
852 3113 999 3174 irridebit
1020 3109 1136 3193 (1653),
1153 3120 1186 3174 et
1202 3113 1326 3195 Orestae
1340 3111 1460 3173 adven·

287 3214 356 3268 tum
370 3209 596 3271 vaticinabitur
613 3208 705 3283 1667,
726 3212 782 3289 qui
800 3211 867 3288 jam
886 3211 927 3272 ab
943 3217 1105 3291 parastata
1118 3210 1267 3271 similiter
1281 3210 1347 3271 lere
1362 3224 1460 3286 exop-

287 3312 372 3368 tatus
388 3313 456 3368 erat
468 3306 634 3387 (161648).
646 3308 726 3369 Inde
741 3307 838 3385 igitur
852 3308 951 3370 nimia
965 3309 1110 3370 locorum
1125 3308 1271 3370 vicinitas
1285 3307 1461 3371 dicentium

287 3403 472 3466 discrimine
492 3405 714 3483 excusabitur,
734 3412 781 3478 ct.
803 3412 877 3484 post
898 3407 988 3468 clrori
1007 3407 1209 3481 divisionem,
1230 3423 1305 3484 quae
1326 3406 1408 3467 solet
1428 3405 1460 3492 in

288 3501 386 3562 rebus
403 3502 499 3564 simul
520 3520 593 3563 cum
612 3519 710 3564 scene
724 3505 859 3580 agendis
879 3505 960 3565 etin
979 3504 1211 3566 ardentissimis
1223 3504 1337 3582 jurgiis
1355 3503 1462 3564 autin

291 3598 540 3660 luctuosissimis
553 3600 735 3661 fabularum
751 3601 952 3679 temporibus
966 3601 1108 3680 evenire,
1124 3619 1249 3679 rursus,
1264 3601 1325 3663 suh
1341 3607 1462 3679 tragoe·

289 3695 352 3758 diae
366 3696 476 3771 finem,
490 3698 668 3775 choreutae,
685 3699 839 3777 loquente
853 3700 1038 3778 coryphaeo,
1054 3700 1146 3778 quasi
1160 3699 1399 3777 recolligentur.

327 3793 407 3866 Quae
421 3803 529 3858 tamen
543 3797 662 3875 omnia,
679 3801 810 3875 propter
824 3797 980 3859 librorum
1001 3798 1212 3876 corruptelas,
1227 3797 1289 3858 nisi
1307 3813 1366 3875 pro
1383 3812 1461 3858 con-

284 3893 440 3970 jectaneis
455 3911 519 3956 non
534 3895 653 3956 adsero.

322 4080 343 4127 l.
360 4079 556 4130 Antitheticum
574 4080 658 4130 luisse
672 4084 810 4130 asseveret
824 4082 993 4130 Hermannus
1008 4077 1104 4144 [AEsclr.
1120 4081 1207 4144 Troy„
1222 4081 1253 4142 ll,
1269 4095 1294 4144 p.
1311 4081 1364 4131 llll.
1376 4107 1408 4117 -—
1422 4081 1461 4130 Gl.

290 4153 385 4198 contre
406 4152 523 4200 Anuocnr
539 4151 602 4211 (Der
622 4151 690 4200 Clror
708 4150 735 4202 d.
751 4152 857 4214 Apcm,
880 4166 905 4213 p.
922 4151 972 4215 82)]
992 4153 1192 4215 nonnullasque
1215 4151 1325 4202 lacunas
1342 4150 1461 4214 conjicit,

291 4232 344 4282 quo
354 4221 454 4270 cretius
470 4220 544 4286 peric
560 4222 670 4283 paribus
682 4227 868 4284 exequentur.
879 4249 910 4259 —
919 4222 1081 4284 Kennedyus
1092 4222 1254 4286 (Apum.,ed.
1266 4223 1381 4284 cambe,
1393 4222 1461 4284 1878)

291 4303 318 4338 v.
338 4292 473 4341 1633-1635
493 4306 539 4354 pro
557 4293 655 4354 spuriis
673 4293 766 4342 hobel.

323 4362 346 4409 2.
363 4361 450 4410 AEsclr.
466 4364 549 4426 Troy„
565 4363 586 4424 l,
600 4377 627 4427 p.
643 4364 757 4412 scr-223.

323 4433 345 4481 3.
361 4432 421 4482 Vld.
436 4434 596 4495 Bruncnccr,
613 4433 631 4483 l.
646 4449 679 4495 c.,
692 4449 718 4498 p.
734 4436 818 4484 63-61.
