3284 5200
327 581 406 655 Quae
430 597 506 643 curn
529 579 574 639 ita
595 578 675 650 sint,
701 577 884 639 oblitterata
904 577 1096 656 Jamdudum
1118 584 1151 639 et
1171 576 1252 637 alias
1275 576 1464 638 mutabilior

287 678 464 743 Hermanni
487 676 648 738 sententia
671 675 750 735 mihi
773 676 904 737 ornnino
930 675 1047 751 arrisit,
1070 674 1204 736 stoechis
1223 673 1347 735 scilicet
1368 692 1462 752 syzy-

284 778 371 857 giam
386 783 418 838 et
433 774 586 853 epodum,
603 773 768 835 choreutis
784 777 897 833 contra
909 773 1070 833 universis
1085 772 1260 852 ephymnia
1279 772 1462 833 mandanda

284 892 357 938 esse
368 872 389 937 ¹.
405 873 486 946 Quae
507 871 702 945 distributio,
719 870 996 949 quemadmodum
1011 887 1085 931 cum
1102 871 1309 948 stropharum
1323 885 1462 931 numero

285 972 446 1048 convenit,
466 971 510 1031 ita
529 968 689 1047 tripartito
710 969 947 1029 sententiarum
966 969 1096 1046 agmine
1115 974 1149 1029 et
1166 967 1296 1029 chorica
1317 966 1463 1045 AEschyli

287 1068 522 1132 consuetudine
544 1066 686 1128 fulcitur.
708 1067 858 1127 Ceterum
882 1066 1014 1144 stropha
1037 1066 1240 1138 dexiostatis,
1262 1064 1463 1143 antistropha

287 1166 472 1228 laurostatis
489 1163 708 1241 delegabitur3
730 1164 853 1240 epodus
872 1169 993 1239 autem,
1009 1169 1120 1241 utpote
1139 1163 1284 1241 amplior,
1299 1164 1333 1224 in
1347 1163 1461 1223 ariste·

247 1338 250 1343 ,
285 1270 422 1327 rostatas
437 1260 628 1324 cadetlnde
643 1261 683 1322 ab
697 1261 890 1322 lassitudine
903 1262 1112 1339 acquiescere
1124 1262 1317 1339 coryphaeus
1331 1260 1460 1337 poterit,

285 1362 458 1438 minusque
474 1359 641 1437 negotium
656 1365 692 1419 ut
706 1358 810 1420 ordini
826 1376 886 1420 suo
901 1360 1097 1420 commixtus
1108 1359 1462 1421 sustinebittuaeterea

286 1459 368 1538 quin
389 1458 561 1537 ephymnia
586 1457 815 1518 choreutarum
841 1464 1047 1535 concentum,
1073 1458 1167 1521 sieut'
1179 1458 1333 1535 pleraque
1356 1472 1460 1534 popu-

282 1558 364 1635 laria
383 1556 475 1617 istius
489 1556 577 1617 modi
595 1556 727 1629 cantica,
744 1556 962 1634 expostulent,
979 1556 1014 1615 in
1033 1555 1265 1617 dubitationem
1279 1570 1343 1615 non
1357 1553 1459 1614 venit.

287 1656 393 1728 Quare
407 1653 581 1733 opportuni
595 1654 674 1715 liant
692 1654 858 1732 transitus,
873 1660 907 1715 et
924 1653 965 1714 ab
985 1654 1081 1714 unius
1094 1653 1258 1731 coryphaei
1273 1651 1462 1714 recitatione

287 1753 429 1831 primum
452 1752 493 1813 ad
516 1756 746 1830 quaternarum
768 1767 897 1829 vocum,
924 1768 1000 1813 mox
1025 1752 1067 1812 ad
1089 1750 1243 1813 individui
1266 1750 1354 1811 chori
1377 1764 1463 1827 sym·

285 1850 441 1928 phoniam
465 1865 518 1911 res
542 1848 667 1909 musica
686 1848 854 1925 procedet;
881 1855 913 1909 et
935 1866 1009 1927 quae
1031 1853 1232 1909 cantatorum
1251 1845 1463 1909 consonantia

283 1948 352 2025 jam
367 1948 400 2006 in
417 1945 600 2024 ephymniis
614 1950 736 2007 tentata
749 1945 847 2007 fuerit
860 1963 935 2007 mox
951 1947 985 2007 in
1000 1946 1192 2025 insequente
1201 1943 1331 2007 chorico
1341 1944 1463 2005 diutius

286 2050 318 2106 et
333 2044 466 2105 uberius
480 2043 690 2105 diffundetur.

327 2142 519 2205 Canentium
532 2142 619 2202 enim
633 2140 877 2202 universitatem
893 2141 926 2202 in
939 2159 969 2203 v.
977 2140 1115 2202 tuo-257
1128 2140 1302 2204 desiderari
1315 2139 1461 2201 omnium

288 2241 354 2301 fere
379 2240 565 2301 criticorum
590 2238 755 2317 suffragiis
780 2239 1000 2318 conceditur².
1026 2241 1171 2301 Primum
1194 2257 1225 2301 v.
1250 2240 1310 2300 me
1330 2237 1422 2318 quasi
1442 2254 1463 2297 a

288 2363 319 2407 v.
339 2344 401 2407 184
419 2344 547 2424 pendet,
569 2345 722 2423 quoniam
741 2346 829 2408 idern
849 2353 898 2407 est
918 2331 992 2413 ἄναξ
1007 2334 1024 2402 ὁ
1038 2336 1173 2428 apicios
1187 2363 1285 2425 quam
1297 2333 1429 2427 ἡγεμὼν
1445 2330 1462 2398 ὁ

287 2440 421 2533 πρὲσόυς
437 2445 515 2507 νεῶν
538 2441 725 2533 ’Aquilaria
748 2459 781 2513 et
800 2472 829 2513 v.
850 2453 990 2515 185-204
1009 2471 1068 2530 pro
1086 2454 1196 2515 incisis
1214 2454 1354 2514 ducendi
1372 2456 1458 2513 sunt.

286 2556 359 2619 lam
378 2558 576 2636 antistropha
595 2544 622 2612 δ’
640 2564 672 2621 et
690 2559 821 2637 stropha
841 2548 864 2614 ε’
884 2560 929 2621 ita
947 2576 1118 2622 sensorum
1136 2560 1220 2622 serie
1236 2559 1463 2622 devinciuntur

288 2662 324 2717 ut
347 2656 492 2733 ineptum
516 2656 572 2717 frat
593 2657 633 2718 de
658 2657 889 2719 choreutarum
912 2659 1117 2720 distinctione
1138 2675 1297 2738 quaerere.
1320 2658 1368 2718 Ad
1386 2657 1459 2730 hoc,

287 2755 351 2814 tale
363 2755 525 2815 canticum
543 2771 614 2815 esse
634 2755 736 2832 liquet
755 2757 852 2833 quale
871 2773 937 2817 non
952 2757 1013 2817 nisi
1033 2757 1122 2835 largo
1136 2757 1269 2818 flumine
1283 2774 1341 2834 per
1352 2762 1464 2834 aperta

287 2851 499 2931 expeditaque
520 2851 584 2913 labi
605 2859 711 2931 queat.
739 2854 852 2932 ltaque
874 2854 1043 2916 intervalla
1066 2854 1326 2916 antitheticorum
1348 2854 1463 2916 melica

287 2949 414 3013 dicendi
438 2949 532 3028 copia
556 2959 703 3028 superat;
733 2957 837 3014 ternae
865 2953 953 3014 inter
979 2971 1016 3014 se
1042 2954 1185 3030 strophae
1211 2953 1402 3030 colligantur
1430 2958 1463 3015 et

288 3054 432 3110 extrema
465 3049 665 3127 antistropha
697 3051 789 3129 quasi
819 3051 965 3112 clausula
997 3058 1052 3112 aut
1079 3052 1183 3129 epodo
1214 3049 1460 3112 conficiuntur⁸.

289 3147 439 3208 Ceterum
455 3147 490 3207 in
509 3146 750 3209 considerandis
769 3149 896 3225 Trojani
917 3149 994 3211 belli
1013 3151 1208 3226 portentosis
1226 3149 1326 3210 initiis
1344 3149 1463 3210 chorus

288 3250 445 3320 versatur,
471 3245 639 3322 haeretque
661 3245 705 3305 ita
732 3245 766 3304 in
794 3247 1033 3322 praeteritorum
1059 3248 1364 3309 commemoratione
1374 3246 1396 3324 ⁴,
1427 3251 1464 3307 ut

290 3341 456 3403 eboricum
474 3342 561 3402 istud
580 3358 653 3402 curn
675 3345 819 3404 secundo
834 3344 999 3408 Thebanae
1018 3344 1136 3407 fabulae
1154 3346 1286 3406 stasimo
1307 3342 1461 3426 (mo-et),

290 3436 330 3499 ob
347 3454 457 3499 rerum
469 3437 714 3500 similitudinem
732 3445 765 3502 et
777 3442 986 3519 stropharum
998 3459 1182 3518 numerum,
1194 3442 1332 3505 conferri
1348 3443 1461 3522 possit.

321 3623 343 3670 l.
359 3620 396 3670 De
414 3635 442 3670 re
462 3623 606 3682 scenica...‚
621 3636 648 3687 p.
665 3625 703 3685 ll,
720 3628 747 3673 et
764 3626 852 3676 AEsch.
870 3629 957 3691 Troy,
975 3628 1008 3690 ll,
1024 3629 1079 3692 21³,
1095 3630 1161 3680 adn.
1180 3629 1214 3680 ad
1227 3644 1253 3678 v.
1268 3631 1333 3679 103:
1351 3629 1463 3680 «Multo

288 3692 444 3742 credibilius
455 3697 497 3743 est
512 3694 581 3744 hanc
596 3697 677 3744 trium
691 3697 809 3758 partium
826 3699 1029 3751 distinctionem
1044 3701 1079 3750 ad
1095 3706 1149 3751 tres
1161 3700 1278 3768 στοίχους
1289 3699 1463 3765 pertinuisse,

288 3767 369 3828 atque
382 3762 455 3814 haud
478 3765 535 3815 scio
559 3780 592 3815 an
617 3766 694 3828 pauci
720 3783 750 3818 ac
774 3771 889 3819 tortasse
911 3785 966 3820 non
989 3774 1079 3835 plures
1102 3787 1183 3836 quam
1208 3775 1340 3837 cujusque
1357 3771 1463 3838 στοίχου

288 3834 404 3896 medius,
423 3836 508 3886 simul
527 3836 674 3886 cecinerint
693 3842 842 3901 stropham,
862 3841 1071 3903 antistropham,
1094 3845 1227 3908 epodum;
1245 3858 1352 3894 versum
1372 3848 1463 3893 antem

288 3907 478 3957 intercalarem
495 3909 618 3961 αἴλινον...
631 3907 660 3958 in
674 3912 785 3972 stropha
799 3915 873 3962 totus
888 3913 1025 3963 secundus
1037 3920 1151 3982 στοῖχος,
1165 3917 1191 3964 in
1208 3917 1375 3978 antistropha
1390 3919 1465 3966 totus

288 3978 393 4035 tertius,
410 3979 438 4027 in
454 3979 541 4041 epodo
554 3981 594 4030 vel
612 3984 685 4031 totus
702 3983 803 4044 primus
819 3983 862 4032 vel
879 3998 974 4034 omnes
990 3989 1044 4034 tres
1060 3993 1159 4053 στοῖχοι
1175 3987 1329 4036 cecinerint.
1345 4009 1355 4028 ·

320 4051 343 4096 2.
359 4049 397 4098 Gt.
413 4051 549 4112 Hununuu,
566 4051 643 4112 ibid.;
659 4079 690 4088 -
705 4053 782 4114 Kriou,
796 4054 883 4104 AEach.
901 4057 1007 4120 Apum„
1025 4058 1098 4120 18633
1113 4085 1144 4094 —
1161 4058 1345 4118 Serranorum,
1359 4058 1464 4122 Apum,

289 4119 332 4168 ed.
349 4120 422 4184 18835
442 4149 474 4157 -
492 4123 631 4172 Wacunnru
646 4124 764 4187 (Apum,
778 4123 820 4174 ed.
839 4127 924 4190 1888);
943 4155 974 4164 -
987 4128 1145 4179 Arnoldtlus
1162 4143 1233 4179 unus
1252 4129 1315 4193 (Der
1334 4128 1403 4178 Clior
1419 4129 1466 4179 dea

291 4189 395 4253 Apum.)
412 4193 571 4253 ambiguum
584 4194 666 4244 habet
680 4195 848 4246 hemichoria
862 4202 951 4247 servet
966 4213 1060 4249 necne.

322 4262 345 4308 3.
358 4263 599 4328 «Terslnnartigen
610 4265 838 4345 Verschrttnkung
851 4267 901 4318 der
912 4269 1044 4334 Strophen
1056 4289 1079 4332 n,
1089 4271 1129 4322 ait
1137 4250 1251 4322 Weilius
1262 4268 1464 4335 (Fleckdaltrb,
1558 4275 1562 4280 ’
1624 4249 1633 4264 ⁴

292 4331 362 4391 taut,
379 4346 404 4393 p.
422 4333 485 4397 294).

294 4417 303 4434 ·
322 4401 347 4450 l.
364 4401 401 4452 Gi.
419 4403 572 4470 Wnsraunr,
583 4405 667 4472 Prot,
684 4420 711 4473 p.
727 4409 781 4460 lut.
853 4410 858 4420 '
