3284 5200
828 432 970 496 ..2-

309 575 425 655 agebat
438 581 493 637 aut
506 575 668 653 narrabat,
679 581 714 637 ut
727 575 771 637 ait
785 575 976 638 Aristoteles
991 564 1152 656 ἐκαὶγὰρ
1163 562 1251 630 οὗτοι
1261 563 1306 654 (οἱ
1315 561 1485 658 ὀρχησταὶ)

310 670 363 739 διὰ
380 676 442 739 τῶν
464 669 753 766 σχηματιζομένων
771 671 899 764 ῥυθμῶν
923 671 1095 764 μιμοῦνται
1114 670 1168 735 καὶ
1183 666 1245 750 ἤθη
1262 672 1317 736 καὶ
1331 671 1413 752 πάόη
1432 674 1485 739 κοιὶ

308 774 444 872 πράξεις.
466 791 535 852 Nec
554 789 678 850 minimi
705 789 863 850 momenti
884 788 986 850 icisse
1010 789 1094 849 hanc
1115 787 1299 850 animorum
1323 794 1355 849 et
1373 805 1484 852 rerum

203 973 205 976 Ι
308 906 367 968 per
382 888 563 951 saltatorios
580 888 694 948 modos
713 886 964 964 descriptionem
976 881 1210 965 confitendum,
1226 886 1378 965 quoniam
1394 888 1435 950 de
1446 905 1483 950 se

307 996 377 1075 ipso
390 994 592 1074 Phrynichus
604 994 801 1072 praedicavit,
810 996 906 1073 ,quod
916 995 1089 1056 innumera
1100 999 1134 1056 et
1143 995 1271 1073 egregia
1279 994 1314 1055 in
1325 980 1482 1077 ἐμμελείᾳ

307 1099 510 1157 commentus
526 1098 613 1153 esset
630 1107 652 1152 :-

467 1253 602 1332 σχήματα
614 1249 752 1334 δ’όρχησις
763 1255 834 1312 τόσοι
847 1275 894 1331 μοι
908 1253 1004 1333 πόρεν,
1020 1250 1120 1313 όσσ’ἑνὶ
1133 1253 1225 1332 πόντῳ

422 1411 425 1420 ,
467 1347 579 1430 χόματοι
592 1354 712 1410 ποιεῖται
725 1347 840 1430 χείματι
854 1346 899 1418 νὺξ
912 1351 982 1428 ὀλοή
998 1349 1021 1412 ².

346 1530 439 1604 Quod
453 1531 572 1610 ipsum,
585 1537 621 1593 ut
635 1532 669 1592 in
682 1532 787 1610 majus
801 1539 930 1594 auctum
945 1532 1053 1612 fuerit,
1065 1533 1159 1596 sicuti
1173 1533 1301 1596 vatibus
1314 1535 1478 1596 nonnullis

192 1648 203 1674 ·
305 1645 377 1691 mos
397 1636 447 1691 est
470 1623 716 1692 translationum
737 1631 899 1693 venustati
921 1633 1024 1710 magis
1046 1648 1145 1709 quam
1167 1633 1293 1694 veritati
1315 1633 1477 1694 interdum

305 1728 521 1804 studentibus,
538 1734 646 1790 tamen
666 1745 732 1790 non
750 1729 925 1790 confictum
943 1729 1074 1791 omnino
1093 1736 1154 1802 est,
1167 1746 1243 1792 cum
1256 1731 1327 1808 ipse
1340 1731 1475 1809 AEschy-

304 1827 367 1898 lus‚
390 1827 417 1886 si
439 1826 645 1902 Aristophani
669 1827 821 1895 creditur,
845 1827 1075 1903 impensiorem
1099 1846 1210 1889 curam
1235 1829 1269 1889 in
1293 1831 1475 1891 exornanda

304 1925 424 2001 tragica
443 1924 611 1984 saltatione
629 1923 854 2000 impertiverit.
871 1924 1001 2000 Legitur
1020 1925 1107 1985 enim
1126 1927 1213 2002 apud
1227 1927 1446 1989 Athenaeum⁸
1464 1943 1471 1987 :

469 2081 667 2165 Ἀριστοφάνης
682 2088 782 2161 γοῦν...
793 2086 868 2142 ποιεῖ
881 2083 964 2142 αὐτόν
978 2081 1115 2164 Αἰσχύλον
1127 2084 1255 2163 λέγοντα·

462 2183 545 2241 Τοῖσι
558 2183 654 2260 χοροῖς
669 2181 749 2247 αὐτός
764 2178 797 2239 τόι
812 2179 937 2261 σχημάτ’
953 2180 1071 2240 ἐποίουν.

341 2367 378 2426 ln
397 2365 673 2444 informandisque
691 2364 855 2426 actoribus
874 2370 1044 2442 tantopere
1059 2370 1169 2426 noster
1190 2364 1326 2426 eminuit
1343 2371 1379 2426 ut
1398 2366 1472 2443 qui-

301 2465 374 2526 dam
393 2481 432 2524 ex
447 2463 517 2541 ejus
530 2463 748 2538 saltatoribus,
765 2463 909 2524 Telestes
924 2462 1064 2537 nomine,
1081 2462 1133 2522 vix
1148 2461 1303 2524 credibile
1317 2463 1359 2522 sit
1373 2480 1470 2541 quam

300 2569 428 2632 inimica
449 2576 518 2633 arte
536 2569 768 2648 praepolluerit,
786 2574 869 2631 teste
888 2569 1007 2631 iterum
1026 2569 1183 2631 Athenaeo
1197 2568 1231 2631 ⁴:
1250 2558 1377 2634 Τέλεσις
1396 2556 1429 2626 δὲ
1449 2556 1470 2640 ἦ

298 2665 462 2750 Τελέστης,
487 2666 503 2731 ὁ
524 2662 868 2759 ὀρχηστοδιδάσκαλος,
892 2663 996 2730 πολλὰ
1019 2660 1166 2757 ἐξεύρηκε
1193 2668 1348 2760 σχήματα
1370 2664 1471 2758 ἄκρως

298 2778 365 2848 ταῖς
389 2775 486 2866 χερσὶ
517 2776 555 2839 τόι
583 2771 740 2866 λεγόμενοι
767 2770 997 2855 δεικνυούσαις;
1025 2790 1058 2843 et
1085 2783 1246 2845 rursus⁸t
1268 2772 1471 2865 Ἀριστοκλῆς

297 2881 373 2973 γοῦν
388 2905 483 2975 φησιν
500 2877 549 2946 ότι
562 2878 727 2962 Τελέστης,
743 2876 939 2972 &Aio->pilos
955 2876 1129 2971 ὀρχηστὴς,
1143 2875 1242 2954 οὕτως
1255 2876 1295 2959 ἦν
1309 2882 1468 2972 τεχνίτης,

299 2990 379 3052 ὣστε
391 2984 422 3052 ἐν
431 2991 475 3073 τῷ
492 2982 658 3081 ὀρχεῖσθαι
666 2984 738 3060 τοὺς
752 2986 849 3051 Ἑπτὰ
864 2982 915 3052 ἐπὶ
928 2985 1040 3072 Θήβας
1051 2988 1315 3080 ρανερόιποιῆσοιι
1328 2990 1366 3052 τὰ
1375 2988 1471 3079 πράγ-

258 3098 261 3105 ’
301 3120 382 3187 ματα
400 3090 622 3186 δι’όρχήσεωτ.
644 3103 724 3176 Quae
740 3104 872 3181 quidem
886 3103 994 3164 omnia
1007 3091 1073 3164 non
1093 3120 1131 3164 ea
1150 3120 1267 3164 caussa
1284 3103 1470 3180 transcripsi

297 3208 334 3265 ut
351 3202 518 3279 ingeniosa
540 3201 726 3280 Phrynichi,
741 3201 885 3279 AEschyli
900 3206 933 3262 ct
946 3202 1082 3263 Telestis
1096 3202 1193 3263 etiam
1207 3201 1338 3263 inventa
1353 3202 1470 3263 collau·

298 3300 462 3376 darentur,
475 3300 533 3361 sed
551 3307 587 3361 ut
603 3300 707 3377 magis
725 3300 759 3360 in
780 3304 930 3376 promptu
946 3298 1029 3359 foret
1043 3305 1123 3377 quot
1135 3299 1265 3377 negotia
1278 3304 1311 3361 et
1322 3314 1423 3360 morae
1436 3298 1471 3359 in

300 3395 526 3458 choreutarum
555 3391 716 3458 electione
743 3396 841 3457 simul
866 3402 964 3474 atque
986 3396 1187 3458 institutione
1208 3396 1362 3459 inessent.
1388 3397 1471 3469 Qua·

298 3500 428 3572 propter
444 3493 516 3573 quis
534 3493 630 3555 fateri·
646 3492 815 3567 dubitabit,
830 3493 990 3571 siquidem
1009 3510 1094 3554 unus
1109 3494 1253 3555 Telestes
1271 3494 1367 3568 longe
1385 3495 1470 3553 fama

298 3592 415 3653 ceteris
424 3592 574 3669 praestitit
588 3592 622 3652 in
636 3591 847 3668 notitiamque
861 3590 1008 3668 pervenit
1024 3596 1136 3667 utpote
1150 3592 1205 3671 qui
1215 3608 1330 3652 omnes
1338 3591 1467 3668 tragicae

298 3690 473 3751 saltationis
497 3706 650 3752 numeros
674 3688 863 3766 expleverit,
884 3688 962 3765 quin
987 3689 1156 3765 operosius
1179 3689 1275 3750 fuerit
1298 3688 1467 3750 duodecim

298 3789 468 3851 choreutas
492 3805 529 3850 ea
550 3789 667 3849 docere
692 3803 765 3865 quae
789 3786 1023 3864 amplissimum
1035 3804 1162 3873 ¹nornen
1181 3787 1335 3859 facerent,
1350 3787 1378 3847 si
1395 3786 1467 3865 quis

296 3887 412 3949 eximie
426 3886 571 3964 partibus
586 3880 653 3948 suis
665 3879 865 3962 iungeretur.

301 4135 304 4141 ·
326 4110 349 4157 l.
365 4109 448 4167 Post,
463 4120 555 4169 capr,
570 4108 650 4156 27-28.

324 4180 349 4227 2.
365 4178 425 4227 Vid.
440 4180 535 4239 Bnncr,
547 4179 633 4228 l’oetae
649 4176 727 4242 lyrici
740 4176 831 4242 preci,
845 4177 915 4240 Lip,
931 4178 1001 4239 1853,
1016 4192 1043 4241 p·
1056 4178 1111 4239 957,
1126 4191 1188 4239 xxx,
1201 4180 1224 4227 3.

325 4250 481 4369 izit-iil·
913 4284 919 4292 ·

299 4440 302 4447 ,
326 4395 349 4440 ὅ.
362 4390 439 4452 itia,
454 4404 473 4453 1,
487 4392 528 4453 22,
540 4392 569 4441 Α.
