3284 5200
674 446 834 509 ..ag-

166 578 250 641 senti
264 585 372 640 autem
387 577 485 640 fidem
500 578 634 640 excedit.
647 577 719 640 Non
733 579 794 640 isto
807 595 926 659 pavore
936 582 1096 660 agitantur
1109 585 1271 648 Thebanae
1284 587 1339 665 qui

166 677 314 754 protinus
333 675 549 738 incitamentis
570 676 764 752 disjiciatur;
784 695 850 738 non
865 684 987 741 metum
1001 681 1132 751 solvunt
1151 689 1186 744 ut
1200 701 1340 762 quaeque

166 791 185 835 a
201 791 278 852 rege
294 774 493 852 increpatur;
514 790 579 835 non
598 781 756 852 promptae
775 781 853 836 sunt
869 776 1063 852 adhortanti,
1080 779 1138 841 sed
1156 781 1212 842 diu
1231 782 1340 844 reluc-
1366 812 1368 817 ·

100 901 108 910 ·
165 877 284 946 tantur,
307 878 418 950 utpote
436 888 510 950 quae
531 873 648 933 mentis
668 871 806 950 impotes
829 873 904 935 sint.
928 875 1042 953 Itaque
1065 877 1156 938 chori
1171 879 1337 958 princeps,

166 970 257 1046 eujus
274 974 322 1031 est
341 986 399 1047 pro
419 969 515 1031 sociis
533 969 641 1048 eloqui
661 975 817 1048 stagera,
838 972 1112 1035 admonitionibus
1133 967 1340 1053 pertinaciter

165 1075 313 1138 renititur
325 1076 365 1136 ad
379 1075 513 1137 deorum
526 1075 619 1153 signa
634 1078 862 1153 procumbens
873 1083 908 1140 ut
920 1095 959 1140 ex
972 1093 1004 1141 νᾳ
1018 1079 1195 1160 1581111111
1210 1071 1338 1162 (παλιν-

165 1175 290 1264 στομεῖς
316 1167 355 1236 αὖ
380 1170 558 1264 θιγγάνουσ’
582 1168 809 1264 ἀγαλμάτων);
835 1191 878 1259 et,
903 1193 1075 1265 postquam
1102 1189 1234 1250 tandem
1258 1189 1338 1252 faoi.
1366 1237 1369 1241 .

164 1279 277 1342 liorem
292 1297 328 1342 se
342 1279 477 1358 praebet,
494 1279 636 1359 quietem
652 1280 881 1360 silentiumque
895 1284 1046 1347 conistrae
1061 1286 1232 1364 pollicetur
1250 1304 1258 1347 :

325 1461 394 1538 σιγῶ
409 1463 455 1518 σὺν
469 1456 565 1526 ἄλλοις
579 1456 710 1536 πείσομαι
724 1465 755 1518 τὸ
771 1463 920 1541 μόρσιμον.

163 1659 242 1731 Quae
258 1657 417 1719 sententia
430 1673 528 1718 unam
543 1657 719 1736 quamlibet
733 1673 772 1718 ex
786 1655 977 1718 mulleribus
991 1656 1157 1730 dedeceat,
1169 1660 1334 1737 quoniam,
1352 1681 1356 1687 ·

161 1756 216 1817 illa
235 1761 374 1829 tacente,
396 1761 513 1817 ceterae
532 1755 565 1816 in
585 1754 754 1833 pavitando
775 1760 919 1832 perstare
937 1755 1072 1832 possint,
1093 1757 1152 1818 sed
1171 1757 1337 1836 aptissime

162 1855 335 1933 coryphaeo
363 1853 529 1926 referatur,
559 1853 653 1930 eujus
685 1851 862 1930 principale
890 1851 1032 1913 officium
1066 1860 1127 1926 est,
1151 1860 1188 1916 ut
1215 1854 1249 1915 in
1279 1872 1337 1918 ore

161 1952 277 2030 babeo,
299 1969 337 2013 ea
360 1951 475 2013 clierre
496 1956 528 2013 et
552 1949 685 2029 exsequi
711 1966 786 2029 quae
810 1966 925 2012 omnes
948 1955 1005 2012 aut
1029 1952 1255 2030 exoptaverint
1281 1959 1337 2016 aut

161 2048 373 2112 decreverint.

200 2149 273 2208 lam
297 2148 337 2208 de
363 2145 466 2222 primo
489 2145 620 2207 stasimo
648 2143 878 2222 disputandum
906 2150 979 2217 est,
993 2145 1080 2223 quod
1104 2143 1334 2225 Westpbalius,

161 2262 235 2325 quae
250 2251 298 2306 est
312 2245 344 2304 in
358 2243 578 2322 excogitandis
592 2242 858 2305 similitudinibus
871 2243 1058 2322 pertinacia,
1071 2243 1112 2304 ad
1127 2245 1335 2322 Terpandriei

161 2343 317 2422 poematis
338 2342 501 2420 exemplar
519 2339 755 2402 conformatum
776 2340 950 2402 arbitratur
965 2339 988 2413 ¹,
1011 2341 1106 2402 etita
1125 2341 1210 2404 inter
1227 2342 1334 2412 hemi?

160 2441 269 2502 oboria
284 2440 471 2519 dispertitur
483 2439 504 2510 ²,
522 2445 564 2500 ut·
576 2438 735 2499 incertum
754 2438 921 2516 reliquerit
942 2438 1135 2500 licentiusne
1155 2440 1331 2502 sententia-

159 2555 232 2601 rum
247 2537 710 2600 continuationem'eonsecare
720 2549 760 2595 an
773 2535 966 2598 insolentius
974 2536 1041 2598 hue
1052 2542 1084 2599 11
1093 2536 1171 2599 illuc
1184 2538 1332 2601 dimidias

158 2637 247 2699 ebori
263 2644 369 2717 partes
387 2636 420 2697 in
439 2635 608 2697 cantandis
625 2634 812 2696 melicorum
833 2634 979 2696 frustulis
997 2634 1153 2697 adbibere
1171 2637 1332 2699 maluerit.

158 2735 311 2798 Caussam
329 2750 459 2813 quoque
477 2732 606 2794 Mustius
624 2733 775 2811 quaesivit
793 2749 852 2793 eur
871 2732 1071 2794 hemiehoria
1092 2733 1133 2795 de
1157 2750 1248 2796 more
1265 2736 1333 2796 ins·

156 2829 688 2910 11111111,111111111369-7111011
708 2829 772 2891 nisi
791 2830 964 2909 coryphaeo
987 2836 1223 2910 parastataeque
1243 2832 1333 2895 dele-

157 2932 280 3009 gandos
299 2946 372 2991 esse
386 2928 409 2988 ⁸.
425 2930 656 3006 11111111111111
671 2929 818 3006 portione
840 2927 938 2988 dividi
956 2928 1091 3012 ciprum
1114 2946 1181 2989 non
1201 2946 1331 2992 censeo.

158 3022 322 3091 Ubi'enim
337 3026 377 3088 ab
395 3027 524 3089 Eteocle
534 3026 666 3104 jnbetur
682 3025 723 3086 de
742 3024 938 3104 hyposccnio
957 3032 990 3087 et
1006 3026 1141 3086 deorum
1161 3026 1262 3104 signis
1278 3027 1332 3089 de·

158 3128 272 3191 cedere
292 3124 436 3205 (aec-66)
452 3124 475 3196 ⁶,
491 3138 561 3186 nnn·
579 3123 791 3185 orchestieam
805 3122 943 3200 figuram
963 3123 1124 3196 immutat,
1140 3124 1199 3184 sed
1222 3130 1333 3186 ternos

158 3216 327 3304 proscenio
353 3223 520 3300 angustius
547 3222 732 3301 suppositos
755 3222 885 3283 ordines
911 3221 1065 3297 extendit,
1088 3220 1123 3281 in
1145 3220 1331 3299 amplitudi-

158 3340 299 3401 nemque
314 3322 472 3391 dilatatur‚
490 3336 554 3398 quo
573 3319 694 3397 majore
712 3326 865 3396 gestuum
883 3318 1160 3397 saltationumque
1176 3325 1331 3398 apparatu

159 3420 460 3501 praestantissimum
473 3417 638 3479 eboricum
650 3424 793 3479 canatur.

199 3520 249 3581 Ε1·
265 3525 315 3579 est
333 3518 419 3580 enim
437 3516 536 3578 totius
557 3516 673 3578 cantici
690 3522 805 3576 natura
822 3531 897 3593 quae
916 3514 957 3574 ad
974 3513 1094 3576 fabulae
1113 3514 1330 3593 peractionem

159 3618 289 3697 proprie
303 3632 368 3677 non
385 3613 554 3686 conducat,
571 3629 679 3691 neque
696 3614 899 3674 voluntatum
917 3612 1050 3674 dissidia
1066 3619 1128 3674 aut<
1142 3612 1331 3691 opinionum

128 3776 130 3778 ,
159 3716 400 3793 imaginemque
414 3712 660 3789 discrepantiam
675 3710 817 3788 recipiat.
830 3710 933 3771 Immo
945 3726 1022 3772 vero
1039 3709 1329 3772 melicaeorationis
1417 3707 1420 3713 '

160 3812 347 3892 producitur
365 3822 499 3887 eursus3‘
514 3815 563 3872 est
585 3796 766 3870 animorum
789 3808 929 3886 simplex·
948 3807 1091 3885 habitus,
1114 3814 1158 3880 et,
1183 3808 1332 3885 quamvis

160 3911 247 3973 varie
271 3911 366 3971 simul
390 3916 422 3972 et
444 3908 574 3987 egregie
596 3906 751 3985 liguratur
770 3906 967 3968 obsessionis
989 3904 1172 3984 excidiique·
1191 3902 1329 3982 loeditas,

194 4127 216 4181 l'.
230 4122 300 4180 Prot.
315 4145 348 4180 zu
360 4128 478 4190 AEsclt...,
493 4144 521 4193 p.
540 4130 656 4179 tta-tta.
683 4169 686 4174 .

192 4205 216 4252 a.
230 4201 306 4259 1111,
321 4216 347 4263 p.
365 4202 478 4251 rea-roi.

193 4274 216 4323 3.
232 4274 285 4322 Der
298 4272 403 4335 Cher...,
419 4286 444 4334 p.
461 4272 490 4321 16
502 4284 561 4335 sqq.

193 4346 217 4393 l.
233 4344 359 4394 Pervorse
379 4339 709 4395 contenditoberdiekius
723 4341 836 4391 eliorum
858 4349 967 4389 ascens
985 4336 1197 4388 increbescant
1217 4334 1331 4385 deseen-

162 4414 227 4467 dere
240 4414 271 4478 (t.
284 4429 317 4476 1.,
332 4428 362 4477 p.
385 4414 424 4478 1).
