3284 5200
678 435 718 447 ...
737 399 776 463 27
796 435 837 447 .-

172 534 283 596 coneis
304 533 458 596 clausulis
481 534 599 596 sexties
626 534 851 612 terminantur,
872 551 958 614 quae,
979 541 1111 615 propter
1126 536 1229 615 ipsam
1247 538 1342 602 istam

171 641 373 703 iterationem
388 629 524 724 pulpos
541 628 769 726 ἐπιφωνήματα
784 659 802 704 a
816 641 1002 704 Wecklinio
1015 643 1122 705 vocari
1138 645 1340 723 potuerunt¹.

171 739 250 801 Haec
260 739 286 800 si
300 738 373 817 quis
384 739 593 818 reputaverit,
609 746 642 801 et
655 739 836 801 consimilia
851 741 917 802 lere
932 747 1006 802 vota
1020 740 1054 802 in
1065 758 1096 804 v.
1108 741 1242 803 ost-697
1253 760 1343 806 revo-

171 837 236 899 cari
246 838 267 916 ²,
287 844 319 898 et
334 837 384 898 bis
400 837 496 898 etiam
518 837 551 898 in
566 837 777 915 deprecandis
797 838 907 899 Martis
920 838 1082 900 furoribus
1097 839 1256 902 Danaides
1271 842 1341 902 mo·

170 935 244 1007 rari,
257 935 430 997 verborum
446 935 723 1014 importunitatem
741 936 912 1014 adsumpto
927 937 1126 998 stoeohorum
1141 944 1235 1000 cantu
1248 939 1343 1000 facile

169 1031 240 1094 tolli
269 1032 429 1094 fatebitur.
460 1033 542 1103 Quae
570 1033 657 1094 enirn
693 1033 899 1096 incommoda
929 1034 994 1095 sint
1027 1034 1165 1096 indiviso
1193 1041 1344 1098 manente

171 1129 281 1206 choro,
305 1146 343 1191 ea
364 1147 421 1209 pro
442 1131 525 1208 grati
550 1131 648 1192 animi
669 1131 854 1193 testimonio
880 1132 1028 1193 ducende
1051 1138 1138 1206 sunt,-
1157 1133 1213 1193 ubi
1239 1140 1346 1210 partes

172 1226 261 1288 chori
277 1227 467 1302 consistunt,
484 1229 638 1308 quoniam
654 1246 785 1309 aequum
801 1247 837 1290 es
853 1235 886 1290 ta
905 1229 1165 1291 benefactoribus
1179 1230 1345 1292 humanis-

171 1325 252 1388 sime
281 1326 425 1387 omnium
450 1326 570 1404 gratias
596 1327 696 1405 recipi
719 1327 753 1387 in
775 1345 859 1405 quos
880 1327 985 1389 officia
1007 1329 1214 1404 contulerint,
1240 1335 1273 1390 et
1301 1330 1343 1391 ob

171 1424 282 1486 eadem
302 1423 468 1486 benefacta
483 1426 597 1486 eadem
611 1425 679 1486 fere
694 1442 712 1485 a
726 1425 838 1486 multis
852 1425 1009 1504 exoptari.

209 1522 304 1584 Nunc
331 1539 405 1584 vero
432 1540 463 1584 v.
485 1521 621 1584 698-709
647 1523 742 1584 solidi
769 1523 860 1585 chori
885 1541 957 1585 esse
980 1540 1076 1585 nemo
1099 1524 1235 1586 dubitet.
1259 1525 1340 1587 Nam

171 1625 203 1681 et
230 1620 454 1698 rhythmorum
483 1626 642 1682 naturae
668 1620 832 1707 prioribus
859 1621 996 1694 distant,
1021 1638 1096 1700 quae
1128 1621 1341 1702 discrepantia

170 1718 289 1797 optime
302 1735 377 1780 oum
392 1719 575 1780 canentium
593 1718 770 1780 mutatione
784 1719 933 1796 congruit
947 1718 976 1795 3;
993 1725 1026 1780 et
1039 1719 1220 1798 rhythmica
1231 1720 1341 1799 glyco-

169 1833 305 1878 neorum
320 1816 464 1878 clausula
478 1823 590 1880 carent
606 1817 651 1878 ita
669 1823 706 1878 ut
724 1815 840 1878 merito
858 1833 916 1895 pro
936 1817 1041 1894 epodo
1061 1818 1199 1879 ducendi
1214 1818 1293 1892 sint3
1310 1824 1343 1881 et

169 1914 210 1975 ad
233 1915 389 1976 servanda
408 1915 543 1976 civitatis
555 1915 638 1993 jura,
655 1915 690 1975 in
709 1933 773 1993 qua
793 1914 903 1994 populi
923 1932 1050 1977 summa
1068 1921 1211 1992 potestas
1229 1916 1282 1987 sit,
1305 1933 1343 1978 ea

169 2018 243 2074 vota
262 2018 414 2089 promunt
432 2030 507 2092 quae
526 2014 644 2074 nonin
662 2019 770 2091 partes
789 2015 847 2075 sed
867 2013 901 2073 in
919 2019 1114 2075 concentum
1133 2013 1225 2074 chori
1242 2014 1344 2093 aptis·

171 2110 252 2171 sime
271 2110 387 2172 cadant
399 2109 421 2171 ⁴.
439 2113 485 2173 De
504 2111 605 2173 hocce
623 2112 724 2173 nostri
744 2111 860 2173 cantici
877 2112 964 2179 exitu
983 2117 1017 2173 et
1034 2111 1075 2173 do
1092 2112 1195 2188 ipsius
1214 2129 1249 2172 re
1263 2112 1343 2174 cho·

172 2207 240 2269 rica
255 2209 473 2271 controversia
489 2225 555 2270 non
570 2210 631 2270 erit
643 2209 722 2288 quin
737 2210 832 2271 valde
845 2209 1096 2271 Atheniensibus
1110 2209 1285 2270 arriserint.

212 2307 270 2366 Vix
304 2313 413 2369 tamen
447 2306 627 2382 laetissima,
660 2314 696 2369 ut
730 2314 852 2369 certam
882 2307 1028 2368 subsidii
1050 2323 1143 2384 spem
1172 2306 1340 2380 habentes,

172 2404 332 2465 Danaides
349 2405 513 2467 desierunt
531 2405 665 2482 precari,
684 2423 758 2467 cum
777 2405 878 2466 altum
896 2411 1006 2467 tenere
1025 2405 1223 2483 AEgyptiacae
1242 2421 1342 2466 naves

170 2519 188 2562 a
203 2503 311 2564 Danao
324 2519 343 2564 e
357 2504 489 2580 specula
506 2510 733 2582 prospectante
750 2504 948 2565 nuntiantur.
966 2501 1118 2564 Protinus
1132 2503 1343 2564 conturbatur

169 2606 272 2663 status
301 2602 481 2664 animorum
507 2602 540 2662 in
564 2603 741 2681 orchestra,
765 2600 951 2681 puellaeque
974 2619 1094 2681 pavore
1118 2602 1278 2681 perculsae
1301 2602 1342 2663 ad
1374 2653 1378 2660 .

168 2704 293 2777 patrem
311 2706 483 2762 vertuntur
507 2717 737 2778 summumque
758 2707 879 2762 canunt
900 2699 1060 2780 (lat-759)
1083 2700 1241 2761 dochmiis
1259 2716 1338 2761 con·

169 2796 407 2860 citatissimum.
428 2800 475 2860 De
494 2815 558 2875 quo
578 2800 705 2859 scenice
723 2798 964 2877 interpretando
981 2816 1047 2859 non
1068 2798 1169 2859 multa
1187 2804 1236 2860 est
1254 2797 1339 2859 inter

169 2894 254 2956 viros
279 2897 392 2958 doctos
416 2896 645 2958 controversia.
669 2897 876 2958 Hermannus
899 2896 985 2957 enim
1009 2895 1207 2957 hemichoria
1233 2895 1337 2972 suspi-

168 2999 288 3055 catur:
314 3011 412 3073 quem
435 2994 578 3057 imitatus
604 2994 825 3057 Freericksius
850 2995 1014 3056 trimetros
1036 2994 1167 3072 quidem
1185 2992 1340 3053 iambicos

169 3092 341 3170 coryphaeo
366 3098 398 3154 et
421 3099 604 3171 parastatae,
628 3093 796 3155 dochmios
814 3109 892 3154 vero
914 3091 1120 3153 hemichoriis
1143 3090 1296 3168 relinquit
1315 3090 1339 3152 ⁵.

170 3189 406 3267 Bambergerus
433 3196 591 3268 praeterea
619 3208 749 3253 omnem
778 3192 1007 3253 choreutarum
1037 3189 1226 3250 divisionem
1254 3188 1342 3266 zygis

170 3288 382 3363 posteriorem
402 3294 493 3367 putat
504 3287 528 3365 ⁶,
545 3289 638 3366 cujus
653 3289 798 3367 vestigiis
818 3290 984 3367 ingressus
1002 3287 1165 3349 Albertius
1178 3286 1342 3349 trimetros

170 3400 325 3464 zygorum
350 3386 564 3465 principibus,
588 3385 794 3449 dochmiacos
817 3393 925 3449 autem
947 3402 1102 3448 numeros
1121 3385 1210 3463 zygis
1231 3384 1341 3446 solidis

170 3483 342 3545 committit
354 3481 377 3545 ⁷.
394 3485 463 3557 Qua
480 3484 707 3547 distributione
725 3485 894 3564 paululum
913 3490 1034 3546 mutata
1048 3500 1110 3562 ego
1124 3484 1204 3544 nihil
1217 3484 1258 3544 ad
1272 3498 1342 3544 rem

171 3579 273 3659 magis
287 3580 440 3644 idoneum
458 3582 577 3644 inveni.
594 3583 752 3663 Namque,
770 3590 804 3645 ut
823 3584 857 3643 in
876 3600 906 3644 v.
924 3580 1037 3644 418-37
1050 3581 1200 3657 vidimus,
1214 3586 1247 3643 et
1261 3580 1342 3642 inira

202 3808 225 3857 l.
241 3807 281 3858 Cl.
298 3809 394 3871 Reuss,
409 3808 502 3874 Suppl.
520 3810 667 3870 comment„
682 3807 746 3858 adn.
759 3805 796 3857 ad
809 3806 835 3856 h.
853 3806 908 3856 Vss.

201 3878 224 3927 2.
238 3877 276 3927 Cf.
292 3878 375 3941 wem,
392 3879 480 3929 AEsclt.
495 3883 574 3945 trop„
589 3881 659 3929 1867.

202 3950 225 3999 3.
239 3949 276 3999 Cl.
294 3951 455 4014 einnonem,
472 3950 491 4001 l.
506 3966 539 4014 e,
556 3966 581 4015 p.
598 3951 637 3999 32.

200 4022 224 4069 l.
242 4020 278 4069 Cl.
293 4020 366 4071 Mum
380 4020 475 4085 (Flere.
489 4022 594 4083 Jahrb„
610 4022 681 4082 1883,
694 4035 719 4083 p.
736 4020 786 4081 ert,
801 4020 848 4083 qui
862 4018 1020 4070 acutissime
1043 4016 1111 4065 vidit
1132 4015 1234 4076 ubique
1256 4012 1341 4063 ternis

170 4091 341 4153 stropharum
357 4092 467 4154 paribus
479 4093 590 4158 adjungi
608 4091 754 4155 ephymnia
767 4091 929 4156 rhythmica,
938 4090 1008 4140 unde
1019 4086 1108 4149 colligi
1122 4086 1207 4148 possit
1217 4083 1343 4134 antistro-

170 4161 250 4225 phica
265 4163 391 4228 deinceps
404 4164 432 4213 in
448 4166 575 4227 stoechoe,
591 4164 737 4229 ephymnie
751 4167 841 4214 cutem
855 4164 882 4212 in
899 4162 1069 4212 individuum
1082 4160 1194 4209 chorum
1211 4155 1342 4206 recidere.

202 4233 225 4281 5.
240 4232 268 4282 L.
284 4248 317 4297 e,
332 4247 358 4296 p.
374 4236 459 4285 bil-59.

201 4306 224 4355 6.
240 4304 268 4353 t.
281 4319 314 4367 a,
330 4319 356 4368 p.
372 4308 411 4358 69.

203 4376 225 4424 l.
241 4376 269 4426 1..
283 4389 316 4433 c..
330 4390 356 4435 p.
372 4378 411 4427 15.
