3284 5200
648 405 808 468 -43,

139 545 140 549 ’
184 541 279 602 Nunc
296 555 385 616 vero,
400 538 527 600 tametsi
552 538 693 600 cavillari
714 556 821 626 neque
840 539 947 600 omnia
967 539 1008 601 ad
1028 539 1207 618 partitionis
1227 555 1311 602 meac

112 642 114 646 ’
145 637 317 700 utilitatem
336 636 455 699 referre
473 638 560 712 uolo,
576 654 677 699 unum
696 638 808 698 saltem
828 638 989 700 illustrare
1005 637 1112 712 liceat,
1128 637 1172 699 ita
1192 637 1314 699 scilieet

146 735 306 813 dispertiri
323 742 490 806 commata,
509 741 545 796 ut
558 753 633 814 quae
651 737 771 814 majora
788 736 853 797 sint
870 735 1030 815 inprimis
1048 735 1088 796 ad
1106 736 1315 814 coryphaeum

146 839 408 911 parastatenque‚
438 833 554 895 deinde
581 834 622 894 ad
651 833 823 895 choreutas
850 834 1050 896 extrinsecus
1077 834 1210 911 positos,
1240 849 1314 911 quae

145 936 253 992 autem
277 931 401 992 minora
422 931 463 992 ad
487 931 583 994 medii
611 931 698 993 chori
725 931 833 992 minus
853 933 958 993 bonos
980 937 1159 993 cantatores
1182 931 1313 992 saltato-

146 1045 263 1108 resque
277 1029 470 1106 pertineant3
484 1029 573 1107 quod
588 1046 626 1091 ex
641 1029 832 1091 adumbrata
845 1029 948 1107 ligura
963 1028 1080 1091 elarius
1093 1029 1212 1090 lucebit
1226 1044 1233 1090 :

646 2137 841 2182 ORCHESTRA

191 2611 281 2671 Hanc
299 2615 406 2671 autem
425 2608 690 2687 compositionem
706 2606 826 2668 sensim
847 2604 1033 2680 viritimque
1046 2599 1226 2679 explevisse
1243 2614 1318 2659 mu-

149 2708 315 2779 lierculas,
342 2707 448 2786 quoad
476 2706 612 2768 canendi
641 2706 740 2767 finem
766 2703 935 2776 fecissent,
960 2699 1195 2777 propemodum
1221 2695 1319 2757 fidem

150 2806 263 2879 habet;
293 2805 351 2867 sed
378 2805 419 2866 ad
444 2810 568 2866 certum
596 2802 765 2865 deducitur
791 2801 848 2862 ubi
873 2796 985 2877 parodi
1011 2803 1134 2875 partem
1162 2794 1320 2872 reliquam

150 2905 283 2967 metrice
297 2902 486 2981 tripartitam
501 2919 573 2964 esse
585 2899 858 2962 animadvertitur.
872 2898 933 2958 Pro
943 2911 1008 2956 non
1018 2894 1116 2955 dubio
1126 2891 1320 2953 sumendum

143 3008 205 3064 est·
219 3008 311 3063 terna
325 3000 529 3078 stropharum
549 3000 637 3077 paria
655 2998 759 3060 tribus
774 2995 908 3058 stoechis
926 2989 1047 3054 credita
1065 2991 1179 3064 fuisse3
1195 3004 1271 3048 nam
1289 2992 1322 3049 et
1363 3047 1366 3052 .

152 3117 190 3161 ex
205 3100 355 3177 precibus
366 3098 548 3160 condantur
562 3114 636 3175 quae
653 3096 779 3158 fastidio
793 3098 888 3156 erunt
902 3091 957 3153 ubi
973 3091 1041 3152 sive
1058 3089 1098 3149 ab
1111 3084 1320 3148 hemiohoriis

152 3197 221 3259 sive
233 3216 251 3258 a
267 3197 368 3258 solido
384 3196 482 3257 choro
497 3201 694 3274 repetentur,
708 3198 739 3255 et
754 3194 801 3254 sie
815 3196 891 3253 sunt
905 3188 1088 3265 conscripta
1101 3191 1137 3247 ut
1150 3184 1239 3245 nulla
1253 3198 1322 3243 res·

153 3296 318 3373 ponsionis
334 3294 609 3371 concinentiaeque
623 3293 741 3354 indicia
756 3290 931 3368 supersint,
947 3287 974 3347 si
993 3286 1066 3364 quis
1088 3298 1201 3345 eorum
1223 3280 1324 3341 frusta

153 3410 263 3455 secare
279 3399 312 3456 et
325 3392 409 3455 inter
427 3393 572 3471 singulos
585 3392 756 3453 choreutas
774 3394 830 3449 aut
843 3388 1072 3450 choreutarum
1087 3397 1199 3443 versus
1213 3377 1321 3441 distri-

153 3491 254 3553 buere
268 3498 414 3553 conetur.

194 3590 333 3666 Integrae
352 3588 449 3667 igitur
468 3588 606 3666 syzygiae
629 3585 761 3647 stoechis
782 3583 1033 3656 committentur,
1057 3584 1089 3642 et
1109 3576 1197 3657 quod
1218 3573 1321 3636 fusius
1435 3639 1438 3646 ,

154 3688 331 3765 multaeque
345 3703 453 3765 operae
472 3692 521 3748 est
537 3683 694 3767 (tto-150)
709 3684 741 3743 in
760 3686 955 3761 protestatos
974 3678 1076 3741 cadet.
1094 3676 1178 3736 illud
1193 3688 1322 3752 quoque

153 3786 331 3846 notandum
345 3784 507 3864 praecipue
521 3789 714 3861 protostatas
729 3782 769 3842 ad
784 3796 898 3859 preces
913 3777 1037 3839 demitti
1049 3781 1082 3837 et
1095 3775 1136 3835 ad
1150 3772 1324 3833 vehemen-

153 3881 293 3943 tissimas
309 3884 442 3944 deorum
461 3881 695 3943 obtestationes
710 3880 783 3941 ideo
798 3877 1020 3955 procumbere,
1035 3872 1122 3951 quod
1136 3864 1324 3949 hyposcenii

152 3980 290 4043 frontem
313 3986 459 4060 spectent
482 3980 539 4041 ubi
563 3979 703 4057 plurima
725 3981 896 4038 versentur
918 3973 1028 4034 divina
1052 3967 1179 4047 signa¹3
1205 3963 1323 4027 deinde

155 4078 382 4140 deuterostatae
396 4077 472 4139 hinc
491 4084 589 4154 atque
610 4078 699 4137 illino
717 4075 804 4135 haud
818 4074 931 4152 procul
947 4089 966 4132 a
982 4066 1161 4157 simulacris
1175 4061 1323 4140 dispositi

154 4178 329 4239 Juuonem:
342 4176 541 4253 Dianamque
568 4176 802 4253 deprecantur3
830 4172 998 4232 tritostatae
1026 4171 1144 4238 autern,
1170 4171 1323 4239 tanquam

188 4399 210 4446 t.
227 4396 263 4446 De
279 4394 434 4458 hyposcenii
447 4396 544 4446 ornatu
559 4393 621 4444 vide
636 4392 832 4452 Souunnunonn
847 4386 975 4447 Sceptra,
994 4383 1093 4446 Berol.‚
1111 4384 1182 4441 1876,
1197 4394 1223 4443 p.
1243 4380 1296 4429 llo.
