<?xml version="1.0" encoding="UTF-8"?>
<!DOCTYPE html PUBLIC "-//W3C//DTD XHTML 1.0 Transitional//EN"
    "http://www.w3.org/TR/xhtml1/DTD/xhtml1-transitional.dtd">
<html xmlns="http://www.w3.org/1999/xhtml" xml:lang="en" lang="en">
 <head>
  <title>
</title>
<meta http-equiv="Content-Type" content="text/html;charset=utf-8" />
  <meta name='ocr-system' content='tesseract 3.04.00' />
  <meta name='ocr-capabilities' content='ocr_page ocr_carea ocr_par ocr_line ocrx_word'/>
</head>
<body>
  <div class='ocr_page' id='page_1' title='image "./decantusinschyl01maurgoog_0051.png"; bbox 0 0 3284 5200; ppageno 0'>
   <div class='ocr_carea' id='block_1_1' title="bbox 729 485 888 550">
    <p class='ocr_par' dir='ltr' id='par_1_1' title="bbox 729 485 888 550">
     <span class='ocr_line' id='line_1_1' title="bbox 729 485 888 550; baseline 0 -16"><span class='ocrx_word' id='word_1_1' title='bbox 729 485 888 550; x_wconf 63' lang='lat'><strong>..35-</strong></span> 
     </span>
    </p>
   </div>
   <div class='ocr_carea' id='block_1_2' title="bbox 122 617 1392 700">
    <p class='ocr_par' dir='ltr' id='par_1_2' title="bbox 122 617 1392 700">
     <span class='ocr_line' id='line_1_2' title="bbox 122 617 1392 700; baseline -0.001 -15"><span class='ocrx_word' id='word_1_2' title='bbox 122 617 125 622; x_wconf 74' lang='grc'><strong>’</strong></span> <span class='ocrx_word' id='word_1_3' title='bbox 222 621 1392 700; x_wconf 86' lang='lat' dir='ltr'>choriorunipropriumestneutroinclinari,sedrhythmicemetriceque</span> 
     </span>
    </p>
   </div>
   <div class='ocr_carea' id='block_1_3' title="bbox 213 719 1402 1002">
    <p class='ocr_par' dir='ltr' id='par_1_3' title="bbox 213 719 1402 1002">
     <span class='ocr_line' id='line_1_3' title="bbox 213 719 1393 798; baseline -0.001 -15"><span class='ocrx_word' id='word_1_4' title='bbox 213 721 336 784; x_wconf 77' lang='lat' dir='ltr'>‚similia</span> <span class='ocrx_word' id='word_1_5' title='bbox 360 719 519 781; x_wconf 86' lang='lat' dir='ltr'>similibus</span> <span class='ocrx_word' id='word_1_6' title='bbox 540 735 686 796; x_wconf 86' lang='lat' dir='ltr'>pensare.</span> <span class='ocrx_word' id='word_1_7' title='bbox 712 719 1007 798; x_wconf 69' lang='lat' dir='ltr'>Inaequabilitatem‘</span> <span class='ocrx_word' id='word_1_8' title='bbox 1025 727 1137 781; x_wconf 90' lang='lat' dir='ltr'>contra</span> <span class='ocrx_word' id='word_1_9' title='bbox 1159 721 1276 797; x_wconf 83' lang='lat' dir='ltr'>recipit</span> <span class='ocrx_word' id='word_1_10' title='bbox 1301 738 1393 798; x_wconf 85' lang='lat' dir='ltr'>zygo-</span> 
     </span>
     <span class='ocr_line' id='line_1_4' title="bbox 222 817 1392 897; baseline -0.001 -17"><span class='ocrx_word' id='word_1_11' title='bbox 222 837 293 880; x_wconf 89' lang='lat' dir='ltr'>rum</span> <span class='ocrx_word' id='word_1_12' title='bbox 309 836 438 894; x_wconf 79' lang='lat' dir='ltr'>munna,</span> <span class='ocrx_word' id='word_1_13' title='bbox 451 817 529 878; x_wconf 91' lang='lat' dir='ltr'>dum</span> <span class='ocrx_word' id='word_1_14' title='bbox 543 817 619 878; x_wconf 87' lang='lat' dir='ltr'>bina</span> <span class='ocrx_word' id='word_1_15' title='bbox 631 817 716 878; x_wconf 89' lang='lat' dir='ltr'>binis</span> <span class='ocrx_word' id='word_1_16' title='bbox 729 819 956 896; x_wconf 81' lang='lat' dir='ltr'>respondeant,</span> <span class='ocrx_word' id='word_1_17' title='bbox 969 835 1043 897; x_wconf 89' lang='lat' dir='ltr'>quae</span> <span class='ocrx_word' id='word_1_18' title='bbox 1055 825 1238 878; x_wconf 89' lang='lat' dir='ltr'>nostrorum</span> <span class='ocrx_word' id='word_1_19' title='bbox 1253 819 1392 896; x_wconf 74' lang='lat' dir='ltr'>aequatio</span> 
     </span>
     <span class='ocr_line' id='line_1_5' title="bbox 221 909 1402 1002; baseline 0 -24"><span class='ocrx_word' id='word_1_20' title='bbox 221 917 449 994; x_wconf 87' lang='lat' dir='ltr'>antistrophica</span> <span class='ocrx_word' id='word_1_21' title='bbox 465 921 524 976; x_wconf 88' lang='lat' dir='ltr'>est.</span> <span class='ocrx_word' id='word_1_22' title='bbox 541 916 702 976; x_wconf 88' lang='lat' dir='ltr'>Praeterea</span> <span class='ocrx_word' id='word_1_23' title='bbox 722 916 854 976; x_wconf 90' lang='lat' dir='ltr'>minime</span> <span class='ocrx_word' id='word_1_24' title='bbox 873 917 978 992; x_wconf 89' lang='lat' dir='ltr'>placet</span> <span class='ocrx_word' id='word_1_25' title='bbox 996 933 1027 976; x_wconf 85' lang='lat' dir='ltr'>r.</span> <span class='ocrx_word' id='word_1_26' title='bbox 1044 915 1176 977; x_wconf 70' lang='lat'><strong>1022-26</strong></span> <span class='ocrx_word' id='word_1_27' title='bbox 1192 909 1402 1002; x_wconf 67' lang='grc' dir='ltr'>(ὑποδέξασθει</span> 
     </span>
    </p>
   </div>
   <div class='ocr_carea' id='block_1_4' title="bbox 110 1010 1392 1102">
    <p class='ocr_par' dir='ltr' id='par_1_4' title="bbox 110 1010 1392 1102">
     <span class='ocr_line' id='line_1_6' title="bbox 110 1010 1392 1102; baseline -0.006 -20"><span class='ocrx_word' id='word_1_28' title='bbox 110 1072 115 1082; x_wconf 82' lang='grc'><em>,</em></span> <span class='ocrx_word' id='word_1_29' title='bbox 222 1010 1392 1102; x_wconf 70' lang='grc' dir='ltr'>δ’ὀπαδοὶ....)οιτοίἰᾳοοοῐοοοοίίοοοροιί.Οοοάοἰοοοοοειοορὴοοὶοἰιίο</span> 
     </span>
    </p>
   </div>
   <div class='ocr_carea' id='block_1_5' title="bbox 156 1111 1396 3736">
    <p class='ocr_par' dir='ltr' id='par_1_5' title="bbox 220 1111 1395 1777">
     <span class='ocr_line' id='line_1_7' title="bbox 221 1111 1387 1191; baseline -0.002 -18"><span class='ocrx_word' id='word_1_30' title='bbox 221 1129 328 1191; x_wconf 92' lang='lat' dir='ltr'>neque</span> <span class='ocrx_word' id='word_1_31' title='bbox 342 1112 376 1172; x_wconf 90' lang='lat' dir='ltr'>in</span> <span class='ocrx_word' id='word_1_32' title='bbox 391 1118 533 1172; x_wconf 85' lang='lat' dir='ltr'>extrema</span> <span class='ocrx_word' id='word_1_33' title='bbox 547 1111 744 1188; x_wconf 86' lang='lat' dir='ltr'>antistropha</span> <span class='ocrx_word' id='word_1_34' title='bbox 761 1111 914 1188; x_wconf 85' lang='lat' dir='ltr'>jubentur</span> <span class='ocrx_word' id='word_1_35' title='bbox 933 1111 1084 1171; x_wconf 89' lang='lat' dir='ltr'>herarum</span> <span class='ocrx_word' id='word_1_36' title='bbox 1105 1111 1259 1189; x_wconf 87' lang='lat' dir='ltr'>subsequi</span> <span class='ocrx_word' id='word_1_37' title='bbox 1279 1112 1387 1185; x_wconf 89' lang='lat' dir='ltr'>verba,</span> 
     </span>
     <span class='ocr_line' id='line_1_8' title="bbox 221 1209 1390 1289; baseline -0.003 -18"><span class='ocrx_word' id='word_1_38' title='bbox 221 1211 340 1289; x_wconf 84' lang='lat' dir='ltr'>pendet</span> <span class='ocrx_word' id='word_1_39' title='bbox 354 1210 395 1270; x_wconf 88' lang='lat' dir='ltr'>ab</span> <span class='ocrx_word' id='word_1_40' title='bbox 405 1209 583 1271; x_wconf 89' lang='lat' dir='ltr'>orchestica</span> <span class='ocrx_word' id='word_1_41' title='bbox 594 1209 758 1287; x_wconf 72' lang='lat' dir='ltr'>coryphaei</span> <span class='ocrx_word' id='word_1_42' title='bbox 770 1209 908 1269; x_wconf 90' lang='lat' dir='ltr'>statione</span> <span class='ocrx_word' id='word_1_43' title='bbox 921 1225 1019 1286; x_wconf 89' lang='lat' dir='ltr'>quem</span> <span class='ocrx_word' id='word_1_44' title='bbox 1030 1209 1061 1268; x_wconf 93' lang='lat' dir='ltr'>in</span> <span class='ocrx_word' id='word_1_45' title='bbox 1073 1209 1216 1269; x_wconf 89' lang='lat' dir='ltr'>secundo</span> <span class='ocrx_word' id='word_1_46' title='bbox 1226 1225 1306 1286; x_wconf 82' lang='lat' dir='ltr'>zygo</span> <span class='ocrx_word' id='word_1_47' title='bbox 1316 1224 1390 1268; x_wconf 88' lang='lat' dir='ltr'>ver-</span> 
     </span>
     <span class='ocr_line' id='line_1_9' title="bbox 221 1306 1393 1386; baseline -0.003 -16"><span class='ocrx_word' id='word_1_48' title='bbox 221 1315 344 1370; x_wconf 90' lang='lat' dir='ltr'>santem</span> <span class='ocrx_word' id='word_1_49' title='bbox 357 1325 415 1385; x_wconf 91' lang='lat' dir='ltr'>par</span> <span class='ocrx_word' id='word_1_50' title='bbox 426 1313 494 1369; x_wconf 88' lang='lat' dir='ltr'>erat</span> <span class='ocrx_word' id='word_1_51' title='bbox 507 1324 607 1368; x_wconf 90' lang='lat' dir='ltr'>unum</span> <span class='ocrx_word' id='word_1_52' title='bbox 618 1324 759 1386; x_wconf 88' lang='lat' dir='ltr'>praeesse</span> <span class='ocrx_word' id='word_1_53' title='bbox 772 1312 804 1368; x_wconf 88' lang='lat' dir='ltr'>et</span> <span class='ocrx_word' id='word_1_54' title='bbox 816 1307 985 1384; x_wconf 90' lang='lat' dir='ltr'>imperare.</span> <span class='ocrx_word' id='word_1_55' title='bbox 998 1308 1080 1366; x_wconf 92' lang='lat' dir='ltr'>Nam</span> <span class='ocrx_word' id='word_1_56' title='bbox 1090 1311 1168 1383; x_wconf 88' lang='lat' dir='ltr'>puta</span> <span class='ocrx_word' id='word_1_57' title='bbox 1177 1306 1308 1366; x_wconf 88' lang='lat' dir='ltr'>ancillas</span> <span class='ocrx_word' id='word_1_58' title='bbox 1323 1306 1393 1367; x_wconf 91' lang='lat' dir='ltr'>sive</span> 
     </span>
     <span class='ocr_line' id='line_1_10' title="bbox 220 1403 1395 1484; baseline -0.004 -17"><span class='ocrx_word' id='word_1_59' title='bbox 220 1405 369 1484; x_wconf 87' lang='lat' dir='ltr'>strophas</span> <span class='ocrx_word' id='word_1_60' title='bbox 383 1406 453 1466; x_wconf 86' lang='lat' dir='ltr'>sive</span> <span class='ocrx_word' id='word_1_61' title='bbox 468 1405 622 1483; x_wconf 81' lang='lat' dir='ltr'>deinceps</span> <span class='ocrx_word' id='word_1_62' title='bbox 638 1404 785 1465; x_wconf 91' lang='lat' dir='ltr'>dimidias</span> <span class='ocrx_word' id='word_1_63' title='bbox 799 1405 1006 1481; x_wconf 83' lang='lat' dir='ltr'>stropharum</span> <span class='ocrx_word' id='word_1_64' title='bbox 1024 1409 1132 1482; x_wconf 89' lang='lat' dir='ltr'>partes</span> <span class='ocrx_word' id='word_1_65' title='bbox 1153 1403 1319 1465; x_wconf 77' lang='lat' dir='ltr'>recineret</span> <span class='ocrx_word' id='word_1_66' title='bbox 1337 1406 1395 1481; x_wconf 87' lang='lat' dir='ltr'>qul</span> 
     </span>
     <span class='ocr_line' id='line_1_11' title="bbox 220 1501 1390 1581; baseline -0.002 -17"><span class='ocrx_word' id='word_1_67' title='bbox 220 1503 256 1565; x_wconf 88' lang='lat' dir='ltr'>fit</span> <span class='ocrx_word' id='word_1_68' title='bbox 273 1511 309 1564; x_wconf 92' lang='lat' dir='ltr'>ut</span> <span class='ocrx_word' id='word_1_69' title='bbox 321 1503 405 1564; x_wconf 89' lang='lat' dir='ltr'>hanc</span> <span class='ocrx_word' id='word_1_70' title='bbox 419 1503 521 1581; x_wconf 85' lang='lat' dir='ltr'>ipsam</span> <span class='ocrx_word' id='word_1_71' title='bbox 535 1503 646 1564; x_wconf 85' lang='lat' dir='ltr'>Diauae</span> <span class='ocrx_word' id='word_1_72' title='bbox 665 1503 902 1565; x_wconf 78' lang='lat' dir='ltr'>invocationem</span> <span class='ocrx_word' id='word_1_73' title='bbox 917 1503 1063 1580; x_wconf 89' lang='lat' dir='ltr'>protinus</span> <span class='ocrx_word' id='word_1_74' title='bbox 1077 1501 1139 1562; x_wconf 92' lang='lat' dir='ltr'>sibi</span> <span class='ocrx_word' id='word_1_75' title='bbox 1159 1501 1390 1578; x_wconf 90' lang='lat' dir='ltr'>displicituram</span> 
     </span>
     <span class='ocr_line' id='line_1_12' title="bbox 220 1599 1392 1679; baseline -0.003 -15"><span class='ocrx_word' id='word_1_76' title='bbox 220 1603 365 1679; x_wconf 78' lang='lat' dir='ltr'>reddant,</span> <span class='ocrx_word' id='word_1_77' title='bbox 382 1608 414 1663; x_wconf 86' lang='lat' dir='ltr'>ot</span> <span class='ocrx_word' id='word_1_78' title='bbox 432 1601 613 1676; x_wconf 84' lang='lat' dir='ltr'>praesertim</span> <span class='ocrx_word' id='word_1_79' title='bbox 627 1601 719 1678; x_wconf 88' lang='lat' dir='ltr'>quasi</span> <span class='ocrx_word' id='word_1_80' title='bbox 738 1602 886 1662; x_wconf 87' lang='lat' dir='ltr'>consulto</span> <span class='ocrx_word' id='word_1_81' title='bbox 907 1605 1032 1661; x_wconf 88' lang='lat' dir='ltr'>taceant</span> <span class='ocrx_word' id='word_1_82' title='bbox 1051 1600 1140 1661; x_wconf 90' lang='lat' dir='ltr'>herae</span> <span class='ocrx_word' id='word_1_83' title='bbox 1155 1606 1191 1660; x_wconf 92' lang='lat' dir='ltr'>ut</span> <span class='ocrx_word' id='word_1_84' title='bbox 1205 1599 1392 1678; x_wconf 72' lang='lat' dir='ltr'>pedisequae</span> 
     </span>
     <span class='ocr_line' id='line_1_13' title="bbox 220 1697 1283 1777; baseline -0.006 -13"><span class='ocrx_word' id='word_1_85' title='bbox 220 1717 260 1764; x_wconf 85' lang='lat' dir='ltr'>ea</span> <span class='ocrx_word' id='word_1_86' title='bbox 274 1715 391 1761; x_wconf 86' lang='lat' dir='ltr'>canere</span> <span class='ocrx_word' id='word_1_87' title='bbox 406 1698 567 1775; x_wconf 83' lang='lat' dir='ltr'>accipiant</span> <span class='ocrx_word' id='word_1_88' title='bbox 580 1715 653 1777; x_wconf 84' lang='lat' dir='ltr'>quae</span> <span class='ocrx_word' id='word_1_89' title='bbox 667 1699 707 1759; x_wconf 90' lang='lat' dir='ltr'>ad</span> <span class='ocrx_word' id='word_1_90' title='bbox 723 1699 808 1776; x_wconf 88' lang='lat' dir='ltr'>ipsas</span> <span class='ocrx_word' id='word_1_91' title='bbox 822 1715 887 1760; x_wconf 92' lang='lat' dir='ltr'>non</span> <span class='ocrx_word' id='word_1_92' title='bbox 901 1704 1046 1776; x_wconf 89' lang='lat' dir='ltr'>spectare</span> <span class='ocrx_word' id='word_1_93' title='bbox 1061 1714 1125 1759; x_wconf 92' lang='lat' dir='ltr'>non</span> <span class='ocrx_word' id='word_1_94' title='bbox 1141 1697 1283 1776; x_wconf 82' lang='lat' dir='ltr'>possint‘l</span> 
     </span>
    </p>

    <p class='ocr_par' dir='ltr' id='par_1_6' title="bbox 156 1795 1396 3736">
     <span class='ocr_line' id='line_1_14' title="bbox 260 1795 1392 1874; baseline -0.002 -16"><span class='ocrx_word' id='word_1_95' title='bbox 260 1797 340 1858; x_wconf 89' lang='lat' dir='ltr'>Vide</span> <span class='ocrx_word' id='word_1_96' title='bbox 364 1797 450 1858; x_wconf 93' lang='lat' dir='ltr'>enim</span> <span class='ocrx_word' id='word_1_97' title='bbox 474 1812 571 1874; x_wconf 87' lang='lat' dir='ltr'>quam</span> <span class='ocrx_word' id='word_1_98' title='bbox 593 1803 666 1874; x_wconf 88' lang='lat' dir='ltr'>apte</span> <span class='ocrx_word' id='word_1_99' title='bbox 690 1797 876 1858; x_wconf 79' lang='lat' dir='ltr'>cohaereant</span> <span class='ocrx_word' id='word_1_100' title='bbox 897 1796 1078 1867; x_wconf 83' lang='lat' dir='ltr'>sententiae,</span> <span class='ocrx_word' id='word_1_101' title='bbox 1097 1812 1261 1874; x_wconf 88' lang='lat' dir='ltr'>quamque</span> <span class='ocrx_word' id='word_1_102' title='bbox 1284 1795 1392 1856; x_wconf 91' lang='lat' dir='ltr'>omnia</span> 
     </span>
     <span class='ocr_line' id='line_1_15' title="bbox 221 1892 1392 1972; baseline -0.004 -15"><span class='ocrx_word' id='word_1_103' title='bbox 221 1894 399 1957; x_wconf 88' lang='lat' dir='ltr'>arctissime</span> <span class='ocrx_word' id='word_1_104' title='bbox 413 1899 584 1955; x_wconf 89' lang='lat' dir='ltr'>teneantur</span> <span class='ocrx_word' id='word_1_105' title='bbox 598 1900 630 1954; x_wconf 89' lang='lat' dir='ltr'>et</span> <span class='ocrx_word' id='word_1_106' title='bbox 645 1894 706 1955; x_wconf 91' lang='lat' dir='ltr'>sibi</span> <span class='ocrx_word' id='word_1_107' title='bbox 724 1894 954 1972; x_wconf 73' lang='lat' dir='ltr'>respondeant!</span> <span class='ocrx_word' id='word_1_108' title='bbox 973 1894 1033 1955; x_wconf 88' lang='lat' dir='ltr'>Ubi</span> <span class='ocrx_word' id='word_1_109' title='bbox 1049 1894 1198 1956; x_wconf 90' lang='lat' dir='ltr'>ultimum</span> <span class='ocrx_word' id='word_1_110' title='bbox 1214 1892 1392 1953; x_wconf 87' lang='lat' dir='ltr'>Danaidum</span> 
     </span>
     <span class='ocr_line' id='line_1_16' title="bbox 221 1975 1392 2072; baseline 0 -20"><span class='ocrx_word' id='word_1_111' title='bbox 221 2009 337 2072; x_wconf 84' lang='lat' dir='ltr'>zygum</span> <span class='ocrx_word' id='word_1_112' title='bbox 352 1975 480 2054; x_wconf 85' lang='lat' dir='ltr'>cantare</span> <span class='ocrx_word' id='word_1_113' title='bbox 496 1991 599 2066; x_wconf 88' lang='lat' dir='ltr'>desiit,</span> <span class='ocrx_word' id='word_1_114' title='bbox 614 1993 721 2054; x_wconf 88' lang='lat' dir='ltr'>statim</span> <span class='ocrx_word' id='word_1_115' title='bbox 736 1992 931 2053; x_wconf 90' lang='lat' dir='ltr'>obmutescit</span> <span class='ocrx_word' id='word_1_116' title='bbox 946 1998 1135 2070; x_wconf 84' lang='lat' dir='ltr'>exspectans</span> <span class='ocrx_word' id='word_1_117' title='bbox 1146 1992 1250 2052; x_wconf 87' lang='lat' dir='ltr'>donec</span> <span class='ocrx_word' id='word_1_118' title='bbox 1264 1991 1392 2052; x_wconf 81' lang='lat' dir='ltr'>famulae</span> 
     </span>
     <span class='ocr_line' id='line_1_17' title="bbox 221 2089 1394 2167; baseline -0.002 -14"><span class='ocrx_word' id='word_1_119' title='bbox 221 2089 351 2153; x_wconf 88' lang='lat' dir='ltr'>carmen</span> <span class='ocrx_word' id='word_1_120' title='bbox 367 2107 462 2152; x_wconf 89' lang='lat' dir='ltr'>suum</span> <span class='ocrx_word' id='word_1_121' title='bbox 477 2090 697 2152; x_wconf 87' lang='lat' dir='ltr'>recantabunt.</span> <span class='ocrx_word' id='word_1_122' title='bbox 714 2092 755 2151; x_wconf 89' lang='lat' dir='ltr'>At</span> <span class='ocrx_word' id='word_1_123' title='bbox 767 2107 833 2151; x_wconf 91' lang='lat' dir='ltr'>non</span> <span class='ocrx_word' id='word_1_124' title='bbox 848 2091 920 2152; x_wconf 86' lang='lat' dir='ltr'>istae</span> <span class='ocrx_word' id='word_1_125' title='bbox 933 2089 1086 2151; x_wconf 83' lang='lat' dir='ltr'>hararum</span> <span class='ocrx_word' id='word_1_126' title='bbox 1101 2090 1211 2167; x_wconf 90' lang='lat' dir='ltr'>verba,</span> <span class='ocrx_word' id='word_1_127' title='bbox 1224 2091 1313 2150; x_wconf 88' lang='lat' dir='ltr'>velut</span> <span class='ocrx_word' id='word_1_128' title='bbox 1325 2107 1344 2150; x_wconf 93' lang='lat' dir='ltr'>a</span> <span class='ocrx_word' id='word_1_129' title='bbox 1358 2106 1394 2151; x_wconf 90' lang='lat' dir='ltr'>sc</span> 
     </span>
     <span class='ocr_line' id='line_1_18' title="bbox 156 2183 1395 2266; baseline -0.002 -17"><span class='ocrx_word' id='word_1_130' title='bbox 156 2256 157 2260; x_wconf 41' lang='lat'>,</span> <span class='ocrx_word' id='word_1_131' title='bbox 221 2190 396 2266; x_wconf 86' lang='lat' dir='ltr'>repudiata,</span> <span class='ocrx_word' id='word_1_132' title='bbox 422 2194 603 2264; x_wconf 84' lang='lat' dir='ltr'>resumunt,</span> <span class='ocrx_word' id='word_1_133' title='bbox 631 2188 689 2249; x_wconf 92' lang='lat' dir='ltr'>sed</span> <span class='ocrx_word' id='word_1_134' title='bbox 712 2189 820 2266; x_wconf 88' lang='lat' dir='ltr'>potius</span> <span class='ocrx_word' id='word_1_135' title='bbox 844 2189 956 2249; x_wconf 86' lang='lat' dir='ltr'>Dianae</span> <span class='ocrx_word' id='word_1_136' title='bbox 977 2188 1136 2249; x_wconf 88' lang='lat' dir='ltr'>Venerem</span> <span class='ocrx_word' id='word_1_137' title='bbox 1157 2183 1335 2266; x_wconf 89' lang='lat' dir='ltr'>opponunt,</span> <span class='ocrx_word' id='word_1_138' title='bbox 1359 2193 1395 2248; x_wconf 89' lang='lat' dir='ltr'>ut</span> 
     </span>
     <span class='ocr_line' id='line_1_19' title="bbox 220 2271 1394 2366; baseline -0.003 -18"><span class='ocrx_word' id='word_1_139' title='bbox 220 2303 294 2366; x_wconf 88' lang='lat' dir='ltr'>quae</span> <span class='ocrx_word' id='word_1_140' title='bbox 312 2287 402 2364; x_wconf 85' lang='lat' dir='ltr'>juxta</span> <span class='ocrx_word' id='word_1_141' title='bbox 420 2286 532 2347; x_wconf 83' lang='lat' dir='ltr'>lovem</span> <span class='ocrx_word' id='word_1_142' title='bbox 551 2285 567 2346; x_wconf 88' lang='lat' dir='ltr'><strong>J</strong></span> <span class='ocrx_word' id='word_1_143' title='bbox 572 2285 669 2347; x_wconf 91' lang='lat' dir='ltr'>unoni</span> <span class='ocrx_word' id='word_1_144' title='bbox 688 2286 834 2347; x_wconf 88' lang='lat' dir='ltr'>adsideat</span> <span class='ocrx_word' id='word_1_145' title='bbox 853 2292 886 2348; x_wconf 89' lang='lat' dir='ltr'>et</span> <span class='ocrx_word' id='word_1_146' title='bbox 904 2271 939 2346; x_wconf 87' lang='lat' dir='ltr'>in</span> <span class='ocrx_word' id='word_1_147' title='bbox 958 2285 1192 2363; x_wconf 88' lang='lat' dir='ltr'>componendis</span> <span class='ocrx_word' id='word_1_148' title='bbox 1211 2285 1394 2346; x_wconf 89' lang='lat' dir='ltr'>mortalium</span> 
     </span>
     <span class='ocr_line' id='line_1_20' title="bbox 220 2381 1389 2464; baseline 0 -20"><span class='ocrx_word' id='word_1_149' title='bbox 220 2385 335 2445; x_wconf 88' lang='lat' dir='ltr'>animis</span> <span class='ocrx_word' id='word_1_150' title='bbox 362 2384 458 2445; x_wconf 89' lang='lat' dir='ltr'>unice</span> <span class='ocrx_word' id='word_1_151' title='bbox 490 2385 680 2463; x_wconf 88' lang='lat' dir='ltr'>praepolleat</span> <span class='ocrx_word' id='word_1_152' title='bbox 708 2381 886 2464; x_wconf 78' lang='grc'><strong>(1035·43).</strong></span> <span class='ocrx_word' id='word_1_153' title='bbox 919 2383 1142 2445; x_wconf 90' lang='lat' dir='ltr'>Inconsultum</span> <span class='ocrx_word' id='word_1_154' title='bbox 1172 2390 1328 2462; x_wconf 87' lang='lat' dir='ltr'>praeterea</span> <span class='ocrx_word' id='word_1_155' title='bbox 1355 2401 1389 2444; x_wconf 91' lang='lat' dir='ltr'>v.</span> 
     </span>
     <span class='ocr_line' id='line_1_21' title="bbox 219 2469 1394 2561; baseline 0.001 -20"><span class='ocrx_word' id='word_1_156' title='bbox 219 2473 357 2543; x_wconf 68' lang='lat' dir='ltr'>tota-lt</span> <span class='ocrx_word' id='word_1_157' title='bbox 381 2481 562 2560; x_wconf 83' lang='lat' dir='ltr'>virginibus</span> <span class='ocrx_word' id='word_1_158' title='bbox 584 2469 779 2556; x_wconf 84' lang='lat' dir='ltr'>adscribere,</span> <span class='ocrx_word' id='word_1_159' title='bbox 800 2498 922 2560; x_wconf 90' lang='lat' dir='ltr'>easque</span> <span class='ocrx_word' id='word_1_160' title='bbox 942 2481 1065 2559; x_wconf 83' lang='lat' dir='ltr'>lingere</span> <span class='ocrx_word' id='word_1_161' title='bbox 1087 2482 1128 2543; x_wconf 88' lang='lat' dir='ltr'>de</span> <span class='ocrx_word' id='word_1_162' title='bbox 1148 2481 1256 2544; x_wconf 80' lang='lat' dir='ltr'>futuro</span> <span class='ocrx_word' id='word_1_163' title='bbox 1273 2482 1394 2561; x_wconf 84' lang='lat' dir='ltr'>AEgyp·</span> 
     </span>
     <span class='ocr_line' id='line_1_22' title="bbox 220 2579 1395 2660; baseline 0.002 -19"><span class='ocrx_word' id='word_1_164' title='bbox 220 2579 338 2643; x_wconf 91' lang='lat' dir='ltr'>tiorum</span> <span class='ocrx_word' id='word_1_165' title='bbox 364 2580 487 2659; x_wconf 90' lang='lat' dir='ltr'>impetu</span> <span class='ocrx_word' id='word_1_166' title='bbox 512 2579 680 2657; x_wconf 76' lang='lat' dir='ltr'>sollicitaS,</span> <span class='ocrx_word' id='word_1_167' title='bbox 704 2581 779 2660; x_wconf 87' lang='lat' dir='ltr'>quia</span> <span class='ocrx_word' id='word_1_168' title='bbox 807 2580 847 2641; x_wconf 87' lang='lat' dir='ltr'>ab</span> <span class='ocrx_word' id='word_1_169' title='bbox 868 2579 958 2643; x_wconf 91' lang='lat' dir='ltr'>initio</span> <span class='ocrx_word' id='word_1_170' title='bbox 984 2579 1145 2643; x_wconf 89' lang='lat' dir='ltr'>canticum</span> <span class='ocrx_word' id='word_1_171' title='bbox 1168 2598 1264 2641; x_wconf 86' lang='lat' dir='ltr'>suurn</span> <span class='ocrx_word' id='word_1_172' title='bbox 1285 2581 1395 2659; x_wconf 90' lang='lat' dir='ltr'>lepore</span> 
     </span>
     <span class='ocr_line' id='line_1_23' title="bbox 221 2669 1395 2757; baseline 0.002 -18"><span class='ocrx_word' id='word_1_173' title='bbox 221 2684 253 2739; x_wconf 87' lang='lat' dir='ltr'>et</span> <span class='ocrx_word' id='word_1_174' title='bbox 279 2678 449 2739; x_wconf 86' lang='lat' dir='ltr'>festivitate</span> <span class='ocrx_word' id='word_1_175' title='bbox 482 2678 681 2755; x_wconf 83' lang='lat' dir='ltr'>condierint3</span> <span class='ocrx_word' id='word_1_176' title='bbox 712 2678 808 2739; x_wconf 90' lang='lat' dir='ltr'>simul</span> <span class='ocrx_word' id='word_1_177' title='bbox 838 2684 870 2739; x_wconf 93' lang='lat' dir='ltr'>et</span> <span class='ocrx_word' id='word_1_178' title='bbox 897 2669 953 2739; x_wconf 87' lang='lat' dir='ltr'>fati</span> <span class='ocrx_word' id='word_1_179' title='bbox 984 2679 1123 2741; x_wconf 90' lang='lat' dir='ltr'>decretis</span> <span class='ocrx_word' id='word_1_180' title='bbox 1153 2678 1395 2757; x_wconf 88' lang='lat' dir='ltr'>acquiescentes</span> 
     </span>
     <span class='ocr_line' id='line_1_24' title="bbox 222 2774 1395 2857; baseline 0 -19"><span class='ocrx_word' id='word_1_181' title='bbox 222 2774 392 2857; x_wconf 76' lang='lat' dir='ltr'>(tuto-50),</span> <span class='ocrx_word' id='word_1_182' title='bbox 408 2792 482 2835; x_wconf 88' lang='lat' dir='ltr'>curn</span> <span class='ocrx_word' id='word_1_183' title='bbox 501 2776 580 2853; x_wconf 83' lang='lat' dir='ltr'>ipsae</span> <span class='ocrx_word' id='word_1_184' title='bbox 596 2776 763 2837; x_wconf 84' lang='lat' dir='ltr'>arbitrium</span> <span class='ocrx_word' id='word_1_185' title='bbox 783 2779 834 2837; x_wconf 88' lang='lat' dir='ltr'>sui</span> <span class='ocrx_word' id='word_1_186' title='bbox 851 2777 1118 2855; x_wconf 84' lang='lat' dir='ltr'>fortunarumque</span> <span class='ocrx_word' id='word_1_187' title='bbox 1134 2793 1263 2838; x_wconf 85' lang='lat' dir='ltr'>servare</span> <span class='ocrx_word' id='word_1_188' title='bbox 1282 2778 1395 2838; x_wconf 88' lang='lat' dir='ltr'>volue-</span> 
     </span>
     <span class='ocr_line' id='line_1_25' title="bbox 222 2874 1396 2953; baseline 0.001 -18"><span class='ocrx_word' id='word_1_189' title='bbox 222 2874 303 2950; x_wconf 85' lang='lat' dir='ltr'>rint3</span> <span class='ocrx_word' id='word_1_190' title='bbox 332 2880 496 2952; x_wconf 88' lang='lat' dir='ltr'>postremo</span> <span class='ocrx_word' id='word_1_191' title='bbox 524 2874 658 2935; x_wconf 92' lang='lat' dir='ltr'>minime</span> <span class='ocrx_word' id='word_1_192' title='bbox 686 2875 727 2935; x_wconf 92' lang='lat' dir='ltr'>ab</span> <span class='ocrx_word' id='word_1_193' title='bbox 755 2890 829 2935; x_wconf 88' lang='lat' dir='ltr'>sese</span> <span class='ocrx_word' id='word_1_194' title='bbox 856 2875 1042 2952; x_wconf 85' lang='lat' dir='ltr'>conjugium</span> <span class='ocrx_word' id='word_1_195' title='bbox 1070 2876 1280 2953; x_wconf 89' lang='lat' dir='ltr'>deprecantes</span> <span class='ocrx_word' id='word_1_196' title='bbox 1308 2874 1396 2951; x_wconf 92' lang='lat' dir='ltr'>quod</span> 
     </span>
     <span class='ocr_line' id='line_1_26' title="bbox 221 2971 1395 3051; baseline 0.002 -20"><span class='ocrx_word' id='word_1_197' title='bbox 221 2972 339 3050; x_wconf 88' lang='lat' dir='ltr'>pariter</span> <span class='ocrx_word' id='word_1_198' title='bbox 357 2972 502 3049; x_wconf 89' lang='lat' dir='ltr'>priorum</span> <span class='ocrx_word' id='word_1_199' title='bbox 517 2977 701 3048; x_wconf 89' lang='lat' dir='ltr'>temporum</span> <span class='ocrx_word' id='word_1_200' title='bbox 716 2972 906 3033; x_wconf 90' lang='lat' dir='ltr'>mulieribus</span> <span class='ocrx_word' id='word_1_201' title='bbox 924 2972 1076 3034; x_wconf 89' lang='lat' dir='ltr'>acciderit</span> <span class='ocrx_word' id='word_1_202' title='bbox 1090 2971 1266 3051; x_wconf 74' lang='lat' dir='ltr'>(tuat-52),</span> <span class='ocrx_word' id='word_1_203' title='bbox 1283 2977 1395 3050; x_wconf 87' lang='lat' dir='ltr'>utpote</span> 
     </span>
     <span class='ocr_line' id='line_1_27' title="bbox 221 3068 1395 3148; baseline -0.003 -17"><span class='ocrx_word' id='word_1_204' title='bbox 221 3086 295 3148; x_wconf 82' lang='lat' dir='ltr'>quae</span> <span class='ocrx_word' id='word_1_205' title='bbox 311 3086 385 3129; x_wconf 86' lang='lat' dir='ltr'>mox</span> <span class='ocrx_word' id='word_1_206' title='bbox 400 3068 532 3129; x_wconf 90' lang='lat' dir='ltr'>maritos</span> <span class='ocrx_word' id='word_1_207' title='bbox 547 3069 613 3129; x_wconf 92' lang='lat' dir='ltr'>sint</span> <span class='ocrx_word' id='word_1_208' title='bbox 626 3069 855 3132; x_wconf 84' lang='lat' dir='ltr'>interfecturae.</span> <span class='ocrx_word' id='word_1_209' title='bbox 872 3071 1051 3147; x_wconf 84' lang='lat' dir='ltr'>Pugnantia</span> <span class='ocrx_word' id='word_1_210' title='bbox 1065 3076 1173 3132; x_wconf 88' lang='lat' dir='ltr'>autem</span> <span class='ocrx_word' id='word_1_211' title='bbox 1187 3070 1351 3146; x_wconf 92' lang='lat' dir='ltr'>tollentur,</span> <span class='ocrx_word' id='word_1_212' title='bbox 1367 3069 1395 3131; x_wconf 90' lang='lat' dir='ltr'>si</span> 
     </span>
     <span class='ocr_line' id='line_1_28' title="bbox 220 3166 1394 3247; baseline 0.002 -20"><span class='ocrx_word' id='word_1_213' title='bbox 220 3168 252 3227; x_wconf 93' lang='lat' dir='ltr'>in</span> <span class='ocrx_word' id='word_1_214' title='bbox 273 3167 453 3228; x_wconf 87' lang='lat' dir='ltr'>Danaidum</span> <span class='ocrx_word' id='word_1_215' title='bbox 471 3168 580 3229; x_wconf 90' lang='lat' dir='ltr'>locum</span> <span class='ocrx_word' id='word_1_216' title='bbox 598 3166 728 3228; x_wconf 89' lang='lat' dir='ltr'>famulae</span> <span class='ocrx_word' id='word_1_217' title='bbox 748 3167 913 3229; x_wconf 90' lang='lat' dir='ltr'>subibunt.</span> <span class='ocrx_word' id='word_1_218' title='bbox 933 3169 993 3230; x_wconf 90' lang='lat' dir='ltr'>Hae</span> <span class='ocrx_word' id='word_1_219' title='bbox 1012 3168 1111 3243; x_wconf 91' lang='lat' dir='ltr'>enim,</span> <span class='ocrx_word' id='word_1_220' title='bbox 1128 3167 1280 3247; x_wconf 87' lang='lat' dir='ltr'>quoniam</span> <span class='ocrx_word' id='word_1_221' title='bbox 1299 3168 1394 3231; x_wconf 89' lang='lat' dir='ltr'>dese</span> 
     </span>
     <span class='ocr_line' id='line_1_29' title="bbox 220 3265 1394 3344; baseline 0.002 -19"><span class='ocrx_word' id='word_1_222' title='bbox 220 3281 285 3326; x_wconf 94' lang='lat' dir='ltr'>non</span> <span class='ocrx_word' id='word_1_223' title='bbox 308 3265 424 3341; x_wconf 80' lang='lat' dir='ltr'>agitur,</span> <span class='ocrx_word' id='word_1_224' title='bbox 447 3270 480 3327; x_wconf 89' lang='lat' dir='ltr'>et</span> <span class='ocrx_word' id='word_1_225' title='bbox 503 3281 601 3342; x_wconf 87' lang='lat' dir='ltr'>supra</span> <span class='ocrx_word' id='word_1_226' title='bbox 626 3266 800 3326; x_wconf 89' lang='lat' dir='ltr'>humanam</span> <span class='ocrx_word' id='word_1_227' title='bbox 826 3265 977 3327; x_wconf 83' lang='lat' dir='ltr'>virtutem</span> <span class='ocrx_word' id='word_1_228' title='bbox 1001 3266 1099 3328; x_wconf 91' lang='lat' dir='ltr'>divini</span> <span class='ocrx_word' id='word_1_229' title='bbox 1121 3266 1287 3344; x_wconf 84' lang='lat' dir='ltr'>sanguinis</span> <span class='ocrx_word' id='word_1_230' title='bbox 1310 3266 1394 3327; x_wconf 87' lang='lat' dir='ltr'>fastu</span> 
     </span>
     <span class='ocr_line' id='line_1_30' title="bbox 220 3362 1393 3442; baseline 0.003 -19"><span class='ocrx_word' id='word_1_231' title='bbox 220 3362 384 3441; x_wconf 85' lang='lat' dir='ltr'>regiisque</span> <span class='ocrx_word' id='word_1_232' title='bbox 410 3362 533 3425; x_wconf 90' lang='lat' dir='ltr'>deliciis</span> <span class='ocrx_word' id='word_1_233' title='bbox 560 3379 626 3424; x_wconf 91' lang='lat' dir='ltr'>non</span> <span class='ocrx_word' id='word_1_234' title='bbox 653 3370 729 3423; x_wconf 91' lang='lat' dir='ltr'>sunt</span> <span class='ocrx_word' id='word_1_235' title='bbox 756 3363 919 3438; x_wconf 82' lang='lat' dir='ltr'>sublatae,</span> <span class='ocrx_word' id='word_1_236' title='bbox 950 3364 1078 3425; x_wconf 83' lang='lat' dir='ltr'>mitiora</span> <span class='ocrx_word' id='word_1_237' title='bbox 1104 3365 1233 3442; x_wconf 82' lang='lat' dir='ltr'>ingenia</span> <span class='ocrx_word' id='word_1_238' title='bbox 1262 3381 1329 3441; x_wconf 88' lang='lat' dir='ltr'>prae</span> <span class='ocrx_word' id='word_1_239' title='bbox 1356 3380 1393 3427; x_wconf 91' lang='lat' dir='ltr'>se</span> 
     </span>
     <span class='ocr_line' id='line_1_31' title="bbox 219 3455 1392 3540; baseline 0.003 -21"><span class='ocrx_word' id='word_1_240' title='bbox 219 3460 343 3536; x_wconf 80' lang='lat' dir='ltr'>ferunt3</span> <span class='ocrx_word' id='word_1_241' title='bbox 361 3477 426 3520; x_wconf 91' lang='lat' dir='ltr'>non</span> <span class='ocrx_word' id='word_1_242' title='bbox 446 3460 578 3521; x_wconf 88' lang='lat' dir='ltr'>Dianam</span> <span class='ocrx_word' id='word_1_243' title='bbox 605 3459 779 3538; x_wconf 87' lang='lat' dir='ltr'>paucarum</span> <span class='ocrx_word' id='word_1_244' title='bbox 804 3462 965 3540; x_wconf 82' lang='lat' dir='ltr'>virginum</span> <span class='ocrx_word' id='word_1_245' title='bbox 994 3462 1052 3523; x_wconf 90' lang='lat' dir='ltr'>sed</span> <span class='ocrx_word' id='word_1_246' title='bbox 1069 3455 1227 3524; x_wconf 86' lang='lat' dir='ltr'>Venerem</span> <span class='ocrx_word' id='word_1_247' title='bbox 1247 3461 1392 3523; x_wconf 91' lang='lat' dir='ltr'>omnium</span> 
     </span>
     <span class='ocr_line' id='line_1_32' title="bbox 220 3556 1392 3637; baseline 0.004 -21"><span class='ocrx_word' id='word_1_248' title='bbox 220 3556 286 3619; x_wconf 86' lang='lat' dir='ltr'>iera</span> <span class='ocrx_word' id='word_1_249' title='bbox 299 3558 470 3619; x_wconf 89' lang='lat' dir='ltr'>mulierum</span> <span class='ocrx_word' id='word_1_250' title='bbox 485 3559 579 3619; x_wconf 86' lang='lat' dir='ltr'>deam</span> <span class='ocrx_word' id='word_1_251' title='bbox 592 3559 717 3633; x_wconf 82' lang='lat' dir='ltr'>colunt3</span> <span class='ocrx_word' id='word_1_252' title='bbox 733 3559 859 3637; x_wconf 88' lang='lat' dir='ltr'>puellas</span> <span class='ocrx_word' id='word_1_253' title='bbox 873 3577 892 3620; x_wconf 92' lang='lat' dir='ltr'>a</span> <span class='ocrx_word' id='word_1_254' title='bbox 910 3559 1065 3621; x_wconf 84' lang='lat' dir='ltr'>ferociora</span> <span class='ocrx_word' id='word_1_255' title='bbox 1081 3560 1214 3621; x_wconf 91' lang='lat' dir='ltr'>consilio</span> <span class='ocrx_word' id='word_1_256' title='bbox 1230 3560 1392 3622; x_wconf 88' lang='lat' dir='ltr'>deterrere</span> 
     </span>
     <span class='ocr_line' id='line_1_33' title="bbox 219 3654 1391 3736; baseline 0.002 -20"><span class='ocrx_word' id='word_1_257' title='bbox 219 3661 385 3731; x_wconf 89' lang='lat' dir='ltr'>conantur,</span> <span class='ocrx_word' id='word_1_258' title='bbox 399 3654 493 3717; x_wconf 82' lang='lat' dir='ltr'>facile</span> <span class='ocrx_word' id='word_1_259' title='bbox 508 3673 602 3734; x_wconf 90' lang='lat' dir='ltr'>posse</span> <span class='ocrx_word' id='word_1_260' title='bbox 613 3657 794 3718; x_wconf 87' lang='lat' dir='ltr'>dictitantes</span> <span class='ocrx_word' id='word_1_261' title='bbox 809 3674 899 3718; x_wconf 86' lang='lat' dir='ltr'>arma</span> <span class='ocrx_word' id='word_1_262' title='bbox 911 3658 951 3717; x_wconf 91' lang='lat' dir='ltr'>ab</span> <span class='ocrx_word' id='word_1_263' title='bbox 966 3658 1095 3736; x_wconf 81' lang='lat' dir='ltr'>AEgypti</span> <span class='ocrx_word' id='word_1_264' title='bbox 1108 3658 1181 3719; x_wconf 89' lang='lat' dir='ltr'>liliis</span> <span class='ocrx_word' id='word_1_265' title='bbox 1195 3658 1229 3718; x_wconf 92' lang='lat' dir='ltr'>in</span> <span class='ocrx_word' id='word_1_266' title='bbox 1240 3658 1391 3736; x_wconf 73' lang='lat' dir='ltr'>argivam</span> 
     </span>
    </p>
   </div>
   <div class='ocr_carea' id='block_1_6' title="bbox 123 3754 1392 3834">
    <p class='ocr_par' dir='ltr' id='par_1_7' title="bbox 123 3754 1392 3834">
     <span class='ocr_line' id='line_1_34' title="bbox 123 3754 1392 3834; baseline 0.009 -27"><span class='ocrx_word' id='word_1_267' title='bbox 123 3801 124 3807; x_wconf 73' lang='grc'>,</span> <span class='ocrx_word' id='word_1_268' title='bbox 219 3759 336 3815; x_wconf 86' lang='lat' dir='ltr'>terram</span> <span class='ocrx_word' id='word_1_269' title='bbox 351 3754 471 3825; x_wconf 87' lang='lat' dir='ltr'>invehi,</span> <span class='ocrx_word' id='word_1_270' title='bbox 485 3754 638 3832; x_wconf 80' lang='lat' dir='ltr'>qnoniam</span> <span class='ocrx_word' id='word_1_271' title='bbox 646 3754 714 3832; x_wconf 90' lang='lat' dir='ltr'>jam</span> <span class='ocrx_word' id='word_1_272' title='bbox 725 3754 933 3831; x_wconf 83' lang='lat' dir='ltr'>fugitivarum</span> <span class='ocrx_word' id='word_1_273' title='bbox 948 3755 1092 3832; x_wconf 83' lang='lat' dir='ltr'>vestigiis</span> <span class='ocrx_word' id='word_1_274' title='bbox 1104 3772 1206 3833; x_wconf 90' lang='lat' dir='ltr'>prope</span> <span class='ocrx_word' id='word_1_275' title='bbox 1221 3773 1278 3834; x_wconf 91' lang='lat' dir='ltr'>per</span> <span class='ocrx_word' id='word_1_276' title='bbox 1291 3756 1392 3818; x_wconf 88' lang='lat' dir='ltr'>maria</span> 
     </span>
    </p>
   </div>
   <div class='ocr_carea' id='block_1_7' title="bbox 217 3850 1392 4127">
    <p class='ocr_par' dir='ltr' id='par_1_8' title="bbox 217 3850 1392 4127">
     <span class='ocr_line' id='line_1_35' title="bbox 219 3850 1390 3931; baseline 0.005 -21"><span class='ocrx_word' id='word_1_277' title='bbox 219 3850 430 3927; x_wconf 90' lang='lat' dir='ltr'>institerint¹;</span> <span class='ocrx_word' id='word_1_278' title='bbox 447 3852 556 3929; x_wconf 89' lang='lat' dir='ltr'>itaque</span> <span class='ocrx_word' id='word_1_279' title='bbox 576 3853 757 3929; x_wconf 89' lang='lat' dir='ltr'>puellarum</span> <span class='ocrx_word' id='word_1_280' title='bbox 779 3851 876 3930; x_wconf 84' lang='lat' dir='ltr'>globo</span> <span class='ocrx_word' id='word_1_281' title='bbox 891 3852 1028 3914; x_wconf 86' lang='lat' dir='ltr'>suadent</span> <span class='ocrx_word' id='word_1_282' title='bbox 1046 3854 1152 3915; x_wconf 90' lang='lat' dir='ltr'>futura</span> <span class='ocrx_word' id='word_1_283' title='bbox 1171 3871 1265 3931; x_wconf 87' lang='lat' dir='ltr'>aequo</span> <span class='ocrx_word' id='word_1_284' title='bbox 1283 3854 1390 3916; x_wconf 90' lang='lat' dir='ltr'>animo</span> 
     </span>
     <span class='ocr_line' id='line_1_36' title="bbox 218 3948 1392 4029; baseline 0.003 -20"><span class='ocrx_word' id='word_1_285' title='bbox 218 3948 379 4025; x_wconf 88' lang='lat' dir='ltr'>patiantur</span> <span class='ocrx_word' id='word_1_286' title='bbox 390 3966 464 4027; x_wconf 91' lang='lat' dir='ltr'>quae</span> <span class='ocrx_word' id='word_1_287' title='bbox 479 3949 512 4009; x_wconf 95' lang='lat' dir='ltr'>in</span> <span class='ocrx_word' id='word_1_288' title='bbox 524 3949 722 4011; x_wconf 89' lang='lat' dir='ltr'>abditissima</span> <span class='ocrx_word' id='word_1_289' title='bbox 733 3957 842 4011; x_wconf 90' lang='lat' dir='ltr'>mente</span> <span class='ocrx_word' id='word_1_290' title='bbox 854 3952 870 4011; x_wconf 87' lang='lat' dir='ltr'>J</span> <span class='ocrx_word' id='word_1_291' title='bbox 874 3950 979 4029; x_wconf 87' lang='lat' dir='ltr'>opiter</span> <span class='ocrx_word' id='word_1_292' title='bbox 990 3952 1156 4026; x_wconf 90' lang='lat' dir='ltr'>moliatur;</span> <span class='ocrx_word' id='word_1_293' title='bbox 1170 3957 1345 4028; x_wconf 90' lang='lat' dir='ltr'>postremo,</span> <span class='ocrx_word' id='word_1_294' title='bbox 1356 3958 1392 4013; x_wconf 92' lang='lat' dir='ltr'>ut</span> 
     </span>
     <span class='ocr_line' id='line_1_37' title="bbox 217 4044 1389 4127; baseline 0.004 -21"><span class='ocrx_word' id='word_1_295' title='bbox 217 4046 323 4107; x_wconf 88' lang='lat' dir='ltr'>acrius</span> <span class='ocrx_word' id='word_1_296' title='bbox 337 4044 420 4108; x_wconf 88' lang='lat' dir='ltr'>inter</span> <span class='ocrx_word' id='word_1_297' title='bbox 435 4064 471 4107; x_wconf 93' lang='lat' dir='ltr'>se</span> <span class='ocrx_word' id='word_1_298' title='bbox 490 4048 649 4109; x_wconf 76' lang='lat' dir='ltr'>contrane</span> <span class='ocrx_word' id='word_1_299' title='bbox 668 4054 883 4127; x_wconf 89' lang='lat' dir='ltr'>opponantur,</span> <span class='ocrx_word' id='word_1_300' title='bbox 899 4049 1062 4126; x_wconf 84' lang='lat' dir='ltr'>virginum</span> <span class='ocrx_word' id='word_1_301' title='bbox 1079 4050 1178 4110; x_wconf 90' lang='lat' dir='ltr'>verba</span> <span class='ocrx_word' id='word_1_302' title='bbox 1194 4048 1227 4109; x_wconf 93' lang='lat' dir='ltr'>in</span> <span class='ocrx_word' id='word_1_303' title='bbox 1246 4056 1389 4111; x_wconf 81' lang='lat' dir='ltr'>extrema</span> 
     </span>
    </p>
   </div>
   <div class='ocr_carea' id='block_1_8' title="bbox 217 4142 1389 4241">
    <p class='ocr_par' dir='ltr' id='par_1_9' title="bbox 217 4142 1389 4241">
     <span class='ocr_line' id='line_1_38' title="bbox 217 4142 1389 4241; baseline 0.008 -30"><span class='ocrx_word' id='word_1_304' title='bbox 217 4152 548 4241; x_wconf 83' lang='lat' dir='ltr'>prioreantistropha</span> <span class='ocrx_word' id='word_1_305' title='bbox 574 4154 677 4231; x_wconf 86' lang='lat' dir='ltr'>posita</span> <span class='ocrx_word' id='word_1_306' title='bbox 706 4145 881 4237; x_wconf 78' lang='grc' dir='ltr'>(στυγερῶν</span> <span class='ocrx_word' id='word_1_307' title='bbox 903 4144 995 4212; x_wconf 74' lang='grc' dir='ltr'>πέλοι</span> <span class='ocrx_word' id='word_1_308' title='bbox 1014 4142 1187 4228; x_wconf 62' lang='lat' dir='ltr'>altatio,</span> <span class='ocrx_word' id='word_1_309' title='bbox 1211 4155 1315 4237; x_wconf 80' lang='lat'>1034),</span> <span class='ocrx_word' id='word_1_310' title='bbox 1330 4158 1389 4220; x_wconf 86' lang='lat' dir='ltr'>sed</span> 
     </span>
    </p>
   </div>
   <div class='ocr_carea' id='block_1_9' title="bbox 218 4379 1387 4517">
    <p class='ocr_par' dir='ltr' id='par_1_10' title="bbox 218 4379 1387 4517">
     <span class='ocr_line' id='line_1_39' title="bbox 250 4379 1387 4448; baseline 0.001 -18"><span class='ocrx_word' id='word_1_311' title='bbox 250 4385 272 4430; x_wconf 88' lang='lat' dir='ltr'>l.</span> <span class='ocrx_word' id='word_1_312' title='bbox 291 4381 334 4431; x_wconf 87' lang='lat' dir='ltr'>Sic</span> <span class='ocrx_word' id='word_1_313' title='bbox 348 4381 421 4431; x_wconf 87' lang='lat' dir='ltr'>enim</span> <span class='ocrx_word' id='word_1_314' title='bbox 443 4382 503 4431; x_wconf 78' lang='lat' dir='ltr'>toto</span> <span class='ocrx_word' id='word_1_315' title='bbox 522 4380 665 4445; x_wconf 83' lang='lat' dir='ltr'>legendum</span> <span class='ocrx_word' id='word_1_316' title='bbox 680 4394 742 4431; x_wconf 89' lang='lat' dir='ltr'>cum</span> <span class='ocrx_word' id='word_1_317' title='bbox 763 4380 851 4431; x_wconf 87' lang='lat' dir='ltr'>Paleio</span> <span class='ocrx_word' id='word_1_318' title='bbox 868 4384 952 4443; x_wconf 84' lang='lat' dir='ltr'>puto:</span> <span class='ocrx_word' id='word_1_319' title='bbox 967 4379 1042 4431; x_wconf 82' lang='grc' dir='ltr'>ὅποτ’</span> <span class='ocrx_word' id='word_1_320' title='bbox 1056 4379 1175 4432; x_wconf 67' lang='grc' dir='ltr'>εὔπλοιαν</span> <span class='ocrx_word' id='word_1_321' title='bbox 1194 4380 1313 4448; x_wconf 76' lang='grc' dir='ltr'>ἔπραξαν,</span> <span class='ocrx_word' id='word_1_322' title='bbox 1327 4394 1387 4443; x_wconf 78' lang='lat' dir='ltr'>qua</span> 
     </span>
     <span class='ocr_line' id='line_1_40' title="bbox 218 4448 918 4517; baseline 0 -16"><span class='ocrx_word' id='word_1_323' title='bbox 218 4452 363 4503; x_wconf 81' lang='lat' dir='ltr'>scholiasta</span> <span class='ocrx_word' id='word_1_324' title='bbox 376 4451 569 4517; x_wconf 84' lang='lat' dir='ltr'>interpretatus</span> <span class='ocrx_word' id='word_1_325' title='bbox 581 4455 623 4503; x_wconf 88' lang='lat' dir='ltr'>est</span> <span class='ocrx_word' id='word_1_326' title='bbox 639 4452 676 4503; x_wconf 78' lang='grc' dir='ltr'>ὅτι</span> <span class='ocrx_word' id='word_1_327' title='bbox 692 4448 809 4509; x_wconf 75' lang='grc' dir='ltr'>εὐπλοίας</span> <span class='ocrx_word' id='word_1_328' title='bbox 820 4452 918 4516; x_wconf 74' lang='grc' dir='ltr'>ἔτυχον.</span> 
     </span>
    </p>
   </div>
   <div class='ocr_carea' id='block_1_10' title="bbox 0 0 1646 5200">
    <p class='ocr_par' dir='ltr' id='par_1_11' title="bbox 0 0 1646 5200">
     <span class='ocr_line' id='line_1_41' title="bbox 0 0 1646 5200; baseline 0 0"><span class='ocrx_word' id='word_1_329' title='bbox 0 0 1646 5200; x_wconf 95' lang='lat' dir='ltr'> </span> 
     </span>
    </p>
   </div>
  </div>
 </body>
</html>
