3284 5200
698 428 701 433 ’
796 434 955 495 -72—

288 564 381 636 Quod
400 564 428 625 si
449 571 607 641 praeterea
627 566 690 628 alia
712 566 801 630 tertii
823 566 990 646 ephymnii
1011 566 1157 628 condicio
1180 570 1240 638 est,
1265 564 1328 626 hoc
1347 563 1463 639 depre-

289 662 412 723 h'e'ndas
438 664 535 725 velim
565 665 783 727 consimilicra
810 666 845 727 in
872 665 961 728 binis
987 665 1122 746 hujusce
1149 664 1295 742 partibus
1322 662 1404 734 cani,
1432 665 1467 719 et

289 759 392 823 verba
1453 775 1471 797 ··

454 893 493 963 τίς
506 899 520 955 ὁ
535 895 627 985 daldun
642 918 696 971 νιος
712 894 752 964 τίς
766 900 780 955 ὁ
795 880 958 977 θρηνήσωο;

289 1053 404 1115 eadem
420 1052 486 1115 lere
500 1054 682 1133 significare
697 1072 795 1134 quam

338 1186 340 1195 ,
448 1202 487 1271 τίς
503 1204 684 1285 δ’ἐπιτῦμὸιος
700 1196 781 1267 αἶνον
784 1250 873 1269 .......
898 1205 1011 1279 πονήσει
1032 1203 1210 1285 (1548-50);

289 1354 384 1433 itaut
398 1352 632 1451 Clytemnestra
646 1375 724 1437 satis
736 1375 853 1437 babeat
864 1376 892 1437 si
906 1376 1009 1438 semel
1023 1375 1135 1459 haecce
1149 1376 1196 1436 sic
1209 1374 1356 1436 revicerit
1371 1390 1380 1435 t

450 1527 480 1593 οὗ
495 1530 524 1593 σὲ
539 1537 675 1617 προσήκει
686 1541 718 1595 τὸ
735 1533 842 1615 μέλημ’
854 1532 963 1617 ἀλέγειν

449 1637 527 1691 τοῦτο
531 1677 592 1693 .....
609 1630 700 1711 (1551
717 1631 804 1711 sqq).

288 1799 401 1878 ltaque
427 1800 461 1860 in
484 1802 637 1861 extremis
659 1801 832 1880 anapaestis
855 1800 1009 1883 (1568-76)
1028 1807 1204 1862 extremam
1226 1817 1356 1879 quoque
1374 1800 1465 1862 chori

288 1897 453 1976 stropham
469 1896 624 1978 (loeo-66)
640 1899 682 1959 ad
696 1900 887 1961 memoriam
906 1906 1045 1972 revocat,
1063 1899 1103 1960 de
1119 1899 1284 1977 ephymnii
1300 1915 1378 1960 vero
1392 1916 1466 1960 sen·

287 1996 406 2066 tentiis
424 1996 514 2057 velut
523 1996 592 2073 jam
605 1996 824 2074 reprehensis,
839 2002 931 2059 tacet.
945 1998 1024 2071 Quae
1039 2013 1113 2058 cum
1129 1997 1173 2056 ita
1187 1996 1262 2072 sint,
1277 1994 1464 2058 Kirchbolfii

288 2092 403 2154 rationi
426 2091 586 2154 assentior
610 2094 750 2171 primum
774 2094 985 2175 ephymnium
1009 2094 1208 2172 tertiumque
1230 2111 1290 2155 suo
1312 2094 1465 2172 quodque

287 2191 358 2251 loco
373 2190 623 2269 redintegranda
638 2208 727 2265 esse3
740 2198 893 2265 attamen,
906 2192 1060 2271 quoniam
1075 2192 1218 2269 primum
1231 2192 1334 2252 multo
1348 2192 1465 2253 ceteris

287 2288 418 2349 brevius
430 2288 482 2359 sit,
495 2289 656 2367 planeque
672 2306 770 2351 sensu
781 2290 935 2369 indigeat,
945 2290 973 2350 si
986 2306 1044 2367 per
1056 2306 1092 2351 se
1108 2296 1182 2362 stet,
1193 2289 1368 2351 Hermanni
1378 2289 1466 2351 Wei-

287 2394 386 2472 liique
405 2396 624 2473 conjecturam
641 2396 774 2474 accipio,
795 2404 868 2475 post
881 2387 936 2453 νῦν
953 2384 987 2452 δὲ
1002 2384 1127 2452 τελείαν
1144 2394 1249 2476 (1458)
1270 2396 1464 2474 disperditae

289 2490 391 2553 luisse
411 2492 570 2570 quasdam
589 2509 697 2566 voceS,
716 2492 800 2555 inter
816 2510 895 2573 quas
910 2510 989 2555 sane
1006 2493 1143 2555 verbum
1161 2493 1256 2554 luerit
1272 2493 1371 2570 quod,
1392 2499 1466 2569 post

289 2599 494 2676 participium
507 2584 644 2674 dllcac',
659 2601 817 2664 Helenam
829 2608 916 2664 recte
925 2601 1095 2679 impugnet
1107 2607 1139 2662 et
1152 2601 1186 2661 in
1199 2601 1386 2678 anapaestici
1398 2617 1466 2662 res-

290 2706 380 2783 ponsi
393 2706 468 2779 fine,
484 2714 520 2768 ut
532 2713 650 2781 cetera,
664 2709 726 2770 sub
738 2709 903 2771 vocabulis
915 2693 1084 2775 ἀξύστατον
1101 2695 1196 2789 ἄλγος
1215 2692 1343 2788 ἔπραξεν
1355 2709 1463 2770 lateat.

288 2804 438 2866 Ceterum
459 2804 612 2866 melicum
632 2806 858 2884 epiphonema,
875 2808 964 2869 velut
983 2806 1107 2884 reliqua
1128 2804 1289 2882 (lael-9&
1309 2804 1464 2885 taleae),

287 2901 445 2962 ternionis
459 2901 617 2964 ambitum
632 2920 697 2965 non
712 2911 884 2983 exsuperet
898 2921 1032 2966 necesse
1045 2909 1105 2966 est.
1124 2904 1216 2976 Quod
1231 2904 1258 2963 si
1277 2903 1374 2980 igitur
1392 2919 1466 2966 mea

289 2999 474 3077 conjectura
482 3017 548 3062 non
559 3001 722 3063 nimiuma
732 3019 809 3064 vero
815 3002 971 3073 abscedit,
978 3002 1087 3063 omnia
1096 3001 1326 3080 ephymniavel
1333 3000 1466 3064 minime

289 3097 374 3158 inter
389 3115 424 3160 se
438 3098 569 3170 distant,
581 3099 743 3176 siquidem
759 3117 777 3160 a
791 3100 891 3161 flebili
905 3099 1137 3161 exclamatione
1146 3099 1273 3160 initium
1288 3099 1420 3177 capiunt
1433 3104 1467 3160 et

289 3195 468 3272 absentem,
483 3183 551 3258 sive
566 3196 729 3258 viventem
741 3197 809 3258 sive
824 3186 933 3259 autem
948 3194 1369 3273 mortuum,·adlo'quuntur.

330 3295 424 3355 Nunc
439 3311 515 3354 vero
531 3281 615 3356 inter
627 3311 709 3370 quos
724 3302 838 3357 cantus
852 3297 999 3357 distribui
1013 3295 1116 3372 possit
1131 3294 1334 3356 Wecklinius
1350 3293 1467 3356 acutis·

291 3389 374 3451 sime
395 3391 550 3467 iudicavit
574 3406 583 3452 :
610 3409 626 3451 u
653 3392 711 3453 Die
733 3392 962 3471 Chorpartieen
988 3393 1145 3454 bestehen
1173 3393 1289 3453 immer
1315 3408 1375 3452 aus
1397 3391 1465 3452 drei

291 3495 410 3565 Teilen,
434 3513 498 3557 von
517 3497 665 3559 welchen
687 3500 751 3560 den
771 3507 878 3560 ersten
899 3501 952 3561 die
972 3499 1040 3560 drei
1060 3493 1187 3580 στοῖχοι
1212 3497 1313 3577 (iader
1337 3490 1466 3580 στοῖχος

207 3585 211 3594 ’
291 3592 344 3652 ein
369 3592 633 3674 Strophenpaar)‚
651 3596 713 3656 den
727 3597 862 3658 zweiten
882 3597 940 3666 der
958 3597 1169 3675 Koryphaios,
1190 3596 1255 3656 den
1269 3595 1386 3656 dritten
1408 3594 1467 3656 der

292 3689 504 3752 Gesamtchor
525 3699 738 3772 vorzutragen
761 3695 888 3755 seheiut
907 3694 916 3728 ¹
940 3713 968 3755 a.
992 3695 1161 3755 Maximam
1184 3693 1360 3771 partemin
1383 3692 1467 3754 hanc

292 3789 483 3851 sententiam
512 3790 604 3851 abac.
630 3792 744 3852 Ternae
769 3792 855 3853 rnim
876 3793 1015 3871 syzygiae
1043 3793 1127 3853 iuter
1149 3808 1185 3869 se
1208 3791 1344 3874 singulae
1367 3789 1467 3868 lyrico
1493 3806 1498 3817 ·

291 3893 481 3963 argumento
505 3888 690 3966 discrepant
711 3905 718 3951 :
742 3889 830 3966 prior
849 3891 1030 3966 praesertim
1048 3890 1083 3950 in
1104 3889 1305 3950 teterrimum
1328 3887 1467 3949 Tantali·

291 3985 405 4046 darum
433 3985 566 4062 genium
590 3986 768 4063 invehitur;
797 3988 897 4048 altera
924 3988 1062 4048 fatorum
1088 3986 1241 4064 lorisque
1267 3985 1467 4047 voluntatem

291 4082 443 4151 celebrat,
462 4082 732 4161 clytemnestram
746 4084 910 4146 familiaris
929 4085 1086 4146 daemonis
1105 4084 1293 4161 adiutricem
1310 4081 1467 4144 acerrime

291 4179 431 4258 impetit;
453 4181 548 4242 tertia
567 4181 707 4260 denique
727 4183 805 4260 quid
826 4184 867 4244 de
885 4181 1026 4245 facinore
1045 4181 1271 4244 aestimandum
1289 4181 1332 4241 sit
1349 4179 1466 4253 haeret,

323 4363 345 4412 l.
361 4354 438 4413 lact.
456 4364 511 4426 or,
532 4379 556 4428 p.
572 4368 626 4428 raa,
640 4367 713 4428 adn,
729 4371 756 4417 et
769 4367 860 4419 Jalrt.
874 4382 948 4429 neue,
968 4370 1037 4429 rasa,
1051 4367 1069 4417 t.
1084 4382 1107 4416 c.
