3284 5200
796 348 982 477 -94-λ

290 536 478 601 canentibus
505 534 668 597 choreutis
697 535 941 614 relinquuntur,
964 533 1257 612 quattuordenique
1280 539 1466 595 cantatores

236 680 238 687 >
290 635 492 697 distinentur.
510 634 575 695 Has
589 650 649 712 ego
664 650 682 695 e
696 633 874 711 longinquo
893 633 1062 694 arcessitae
1082 630 1365 711 interpretationes
1381 647 1464 693 con-

203 796 204 803 ,
287 734 390 795 lutare
409 732 620 811 supersede0;
635 731 806 809 AEschylus
829 730 916 791 haud
938 730 1031 791 anxie
1054 729 1249 808 elegantiam
1270 736 1465 805 aucupatur,

288 842 403 893 rerum
426 830 503 891 satis
523 830 621 892 habet
640 829 667 890 si
688 829 864 905 parabilem
888 828 937 890 rei
957 828 1099 891 choricae
1121 828 1246 889 cultum
1272 827 1413 889 obtinuit
1430 836 1468 888 et

289 927 514 991 consuetudini
535 928 724 1005 simpliciter
747 926 846 987 stetit.
868 927 986 988 Nostra
1005 926 1103 1003 igitur
1128 925 1323 1002 anapaestica
1345 925 1465 1003 hyper-

288 1032 402 1098 metra,
415 1024 501 1087 sicut
518 1041 612 1087 meus
629 1031 678 1085 est
697 1040 768 1085 mos
787 1030 819 1084 et
837 1024 1028 1101 ceteroquin
1046 1040 1086 1086 ex
1100 1040 1272 1084 sensorum
1290 1038 1464 1100 coagmen·

289 1123 409 1186 tatione
430 1124 560 1197 dilucet,
577 1123 633 1189 uni
654 1122 826 1199 coryphaeo
849 1122 1006 1193 tradam¹,
1031 1130 1068 1182 ut
1082 1121 1183 1183 choro
1198 1121 1339 1198 spatium
1362 1122 1463 1183 relin-

290 1236 407 1308 quatur
430 1230 539 1291 solitas
561 1230 716 1292 stationes
741 1228 883 1306 petendi,
905 1228 961 1289 ubi
981 1229 1091 1289 statim
1114 1212 1212 1309 ὕμνον
1235 1214 1364 1309 δέσμιον
1383 1244 1463 1288 con-

290 1328 385 1388 cinet.
1023 1327 1025 1330 ’

262 1430 264 1435 ’
313 1424 587 1485 'Pulcherrimum
610 1423 699 1485 istud
723 1428 854 1485 carmen
877 1423 1064 1501 nuperrime
1087 1422 1301 1500 excogitatum
1324 1427 1373 1484 est
1396 1439 1462 1499 quo

290 1528 382 1601 pacto
403 1523 584 1584 canendum
605 1522 696 1583 foret.
713 1521 868 1583 Nonnulli
885 1522 973 1582 enim
990 1520 1133 1582 universi
1154 1520 1245 1582 chori
1266 1534 1463 1581 consensum

290 1622 559 1699 conjectaverant,
576 1620 652 1697 quia
663 1637 692 1681 v.
707 1620 801 1681 3559
816 1626 849 1681 et
862 1619 959 1681 3726
974 1636 1039 1679 non
1059 1636 1118 1697 pro
1132 1616 1314 1697 ephymniis
1328 1618 1387 1678 sed
1403 1633 1463 1695 pro

233 1744 238 1753 ·
290 1719 484 1781 antitheticis
500 1718 672 1779 habebant.
690 1708 828 1779 Sed'ubi
844 1716 906 1778 hos
923 1733 1039 1777 versus
1057 1716 1265 1778 intercalares
1283 1732 1355 1788 esse
1369 1715 1463 1776 intel-

191 1804 193 1808 *
289 1818 366 1879 lexit
384 1816 569 1888 MerkeliuS,
583 1822 614 1876 ct
633 1816 831 1877 reiterandae
844 1832 905 1876 suo
919 1831 1085 1893 quemque
1099 1815 1170 1875 loco
1180 1812 1204 1890 Ρ,
1220 1813 1261 1873 ad
1274 1813 1336 1873 alia
1348 1830 1384 1874 se
1398 1814 1462 1874 cri·

289 1915 343 1975 tici
361 1913 604 1975 transtulerunt.
625 1913 866 1991 Antistrophica
883 1912 1033 1973 Muffius³
1054 1911 1273 1987 hemiohoriis,
1289 1911 1463 1990 epbymnia

224 2066 227 2071 .
290 2011 390 2073 solido
409 2012 508 2072 choro
525 2010 688 2071 adtribuit.
706 2010 929 2072 Wecklinius‘
948 2009 1009 2071 tria
1022 2010 1129 2090 priora
1147 2009 1355 2087 stropharum
1374 2008 1463 2087 paria

289 2109 432 2183 stoechiS,
453 2116 605 2187 quartum
624 2114 657 2169 et
673 2108 847 2186 ephymnia
868 2109 1034 2171 choreutis
1058 2090 1217 2169 universis
1235 2107 1388 2169 vindicat.
1404 2108 1462 2168 Cui

289 2224 349 2285 ego
364 2206 537 2268 admodum
550 2206 718 2267 assentior.
726 2208 808 2267 Nam
822 2207 901 2267 mihi
916 2211 1200 2285 quoque,excepto
1211 2212 1320 2265 tamen
1330 2205 1461 2283 epbym·
1495 2206 1499 2211 '

289 2306 417 2367 niorum
430 2304 659 2377 additamento,
675 2305 817 2385 primum
833 2306 920 2366 istud
933 2305 1104 2366 stasimum
1119 2303 1249 2364 chorico
1261 2302 1398 2363 similius
1412 2310 1462 2365 est

289 2404 376 2481 quod
395 2401 558 2463 invenitur
578 2402 611 2462 in
635 2402 842 2480 supplicibus
858 2400 1024 2482 (cat-709),
1040 2402 1098 2463 ubi
1120 2402 1161 2462 ad
1175 2408 1242 2462 tres
1264 2417 1328 2462 uno
1352 2400 1456 2479 rhyth-

289 2516 417 2561 morum
430 2506 544 2561 tenore
557 2500 696 2561 fluentes
712 2500 860 2578 syzygias
878 2503 992 2577 quarta
1010 2500 1134 2561 accedit
1153 2505 1331 2561 metrorum
1347 2505 1461 2560 natura

289 2599 516 2676 diversissima,
532 2599 618 2660 unde
637 2598 759 2676 optimo
774 2600 860 2677 Jure,
875 2606 912 2660 ut
931 2605 1043 2670 metra,
1061 2600 1108 2660 sic
1128 2615 1284 2676 personas
1297 2596 1460 2658 immutari

289 2696 467 2774 conjicitur.
488 2697 601 2773 ltaque
624 2695 697 2756 istic
719 2713 849 2774 quoque
870 2696 1079 2772 stropharum
1104 2713 1162 2773 par
1176 2685 1206 2777 γ’
1231 2696 1460 2757 choreutarum

290 2811 426 2856 summae
449 2794 610 2872 adscribo,
632 2811 686 2872 ne,
707 2793 781 2871 quae
803 2795 837 2854 in
858 2794 1004 2855 canendo
1028 2793 1142 2855 ultimo
1169 2793 1343 2873 epbymnio
1366 2793 1462 2858 fuerit

288 2908 405 2953 uocum
431 2893 613 2970 concordia,
637 2909 676 2954 ea
697 2899 772 2954 ante
795 2908 925 2953 carmen
945 2890 1129 2952 confectum
1151 2891 1354 2967 dissocietur,
1378 2908 1462 2954 neve

288 2989 471 3068 importune
486 3008 538 3052 res
551 2990 678 3052 chorioa
693 2995 893 3051 cantatorum
910 2988 1044 3066 penuria
1060 2988 1270 3050 deformetur.
1300 3042 1304 3047 .

300 3101 301 3109 ¹
329 3089 510 3166 incoeptum
529 3088 646 3150 deinde
662 3086 752 3149 chori
770 3103 847 3148 cum
867 3087 1010 3147 Minerva
1029 3087 1227 3165 colloquium
1244 3104 1310 3149 non
1329 3097 1462 3166 possum

288 3185 366 3263 quin
379 3186 550 3264 coryphaeo
563 3186 714 3260 tribuam,
729 3190 761 3246 et
781 3185 821 3245 ab
842 3185 1023 3262 Hartungio
1039 3185 1214 3263 discedam,
1230 3186 1286 3263 qui
1300 3203 1332 3247 v.
1348 3185 1462 3247 415-17

288 3283 451 3348 choreutis
468 3285 523 3344 dat
541 3283 710 3356 universis,
732 3289 860 3344 ceteros
879 3282 990 3344 autem
1010 3282 1057 3343 sic
1075 3282 1239 3345 distribuit
1257 3291 1294 3345 ut
1311 3284 1372 3346 tn‘a
1391 3301 1463 3346 res·

288 3397 389 3458 ponsa
402 3381 498 3441 Furia
513 3397 652 3460 quaeque
665 3381 834 3442 continuet
844 3379 867 3440 ⁸.
883 3380 1060 3459 Nunquam
1082 3382 1223 3442 adducar
1241 3389 1277 3443 ut
1296 3384 1464 3445 duodenos

288 3491 352 3538 una
364 3494 445 3539 voce
459 3495 534 3539 cum
548 3495 614 3539 uno
626 3478 857 3540 interlocutore
871 3479 1128 3540 sermocinantes
1141 3479 1272 3556 faeiam3
1285 3480 1326 3542 de
1339 3481 1465 3558 reliqua

288 3580 396 3636 autem
412 3575 593 3652 divisione,
623 3575 684 3637 etsi
712 3576 859 3637 subtilior
887 3583 938 3637 est
966 3582 999 3637 et
1027 3575 1147 3654 optime
1174 3577 1303 3639 videtur
1328 3579 1369 3640 ad
1393 3595 1465 3639 rem

289 3673 537 3748 accommodari,
558 3689 624 3734 non
647 3675 784 3735 multum
811 3675 1010 3752 disputabo:
1033 3691 1207 3736 sensorum
1233 3676 1319 3737 enim
1343 3675 1461 3738 seriem
1531 3710 1534 3714 -

289 3770 335 3832 sic
349 3771 510 3849 abrumpit
523 3777 568 3847 ut,
585 3788 661 3833 cum
676 3771 771 3832 aliam
791 3772 933 3834 Minerva
947 3773 1097 3833 adlocuta
1110 3772 1152 3833 sit
1167 3771 1262 3852 (430),
1278 3774 1340 3835 alia
1354 3773 1461 3835 statim

289 3883 480 3946 responsum
494 3869 616 3931 adierat
632 3865 726 3950 (431).

322 4080 343 4126 1.
359 4077 403 4148 Sic
420 4091 529 4141 quoque
543 4083 636 4128 censet
650 4068 921 4141 WeckliniuS,.A”sclt.
935 4078 990 4140 Ora,
1003 4093 1028 4142 p.
1042 4081 1098 4141 275,
1110 4079 1174 4130 adn.

321 4150 344 4197 2.
357 4147 436 4197 Ascli.
454 4149 541 4210 lium„
557 4149 653 4212 Gothn,
670 4152 739 4200 l85'l.

322 4221 344 4268 3.
360 4219 445 4269 Fleck.
460 4219 562 4290 Jahrb„
577 4222 645 4278 1883,
663 4220 681 4270 l.
695 4235 716 4270 c.
849 4279 852 4284 ¹

322 4292 345 4339 l.
358 4289 473 4348 Ibidem
485 4295 513 4341 et
529 4291 608 4340 Ascla.
627 4291 681 4351 On,
697 4306 723 4356 p.
737 4292 793 4354 lid,
807 4291 875 4342 adn.

323 4363 345 4409 5.
360 4360 448 4411 AEaob.
468 4363 555 4426 Troy„
569 4363 710 4412 tata-1855.
