3284 5200
788 432 949 496 ..pq-

290 572 331 634 ab
351 571 413 633 alic
442 570 587 633 diversos
606 568 752 632 habitum
771 568 980 646 coloremque
1001 565 1166 645 proprium
1185 563 1372 642 singillatim
1389 573 1464 640 ser·

287 687 391 743 rasse,
409 675 440 730 et
455 685 530 748 quae
548 667 667 729 fuerint
682 667 722 729 ab
738 683 802 728 unc
818 665 995 744 excogitata
1009 662 1125 726 ceteris
1140 662 1236 723 etiam
1250 661 1338 723 haud
1351 662 1465 742 displi-

286 767 406 829 cuisse.
427 767 518 828 Nihil
536 765 634 844 igitur
652 766 811 826 habemus
831 779 932 842 quare
950 763 1021 841 ipso
1039 760 1243 839 stropharum
1262 767 1294 822 et
1312 760 1461 825 antistroj-
1518 781 1524 788 ·

287 865 424 944 pharum
447 880 584 926 numero
602 863 764 942 proditum
783 862 981 923 stoechorum
996 865 1127 921 cantum
1143 875 1342 935 recusemus
1359 876 1460 938 quem

286 969 448 1040 praeterea
459 979 524 1023 non
538 960 639 1022 semel
652 961 685 1022 in
700 961 800 1022 hocce
815 958 926 1020 libello
940 958 981 1019 ad
994 957 1026 1018 id
1039 973 1144 1036 genus
1156 955 1285 1018 churica
1298 958 1461 1035 pertinere

284 1060 526 1122 monstrabitur.

302 1179 308 1186 ·
325 1158 421 1218 Aliud
442 1163 552 1219 tamen
574 1173 612 1218 eo
632 1156 719 1217 valet
738 1161 774 1217 ut
800 1154 937 1217 chorum
958 1153 1042 1215 inter
1065 1153 1246 1214 canendum
1267 1151 1459 1230 dividamus,

187 1233 191 1242 ¹
284 1255 534 1334 ephymniorum
549 1254 672 1316 scilicet
686 1253 777 1328 ratio,
802 1270 876 1331 quae
890 1253 1013 1313 ultimis
1026 1250 1231 1328 stropharum
1245 1251 1376 1328 paribus
1389 1250 1461 1315 sub

281 1351 436 1428 jiciuntur
450 1353 471 1413 ¹.
486 1352 580 1413 Haud
593 1352 756 1413 immerito
773 1351 859 1414 enim
875 1349 1018 1428 AEschyli
1032 1350 1160 1410 videtur
1171 1365 1341 1410 censuram
1355 1349 1459 1426 egisse

284 1450 452 1526 Euripides
466 1447 489 1526 ²,
505 1449 592 1528 quud
608 1450 664 1511 ille
685 1449 806 1527 saepius
829 1449 941 1510 formis
958 1447 1138 1509 carminum
1158 1447 1366 1525 popularibus
1384 1447 1457 1508 vul-

91 1537 99 1547 ’
181 1605 187 1614 ,
285 1547 525 1627 gatissimisque
546 1565 624 1610 usus
646 1555 733 1610 esset
747 1547 769 1625 ³,
786 1555 817 1609 et
837 1563 952 1626 parum
970 1546 1061 1626 pensi
1080 1544 1246 1606 habuisset
1264 1545 1458 1623 epiphtheg·

283 1645 418 1706 maticos
441 1663 565 1719 versus
590 1645 689 1707 etiam
710 1645 859 1707 obstante
879 1660 989 1706 rerum
1014 1641 1264 1730 continuatione,
1284 1641 1458 1720 superiori-

288 1742 350 1804 bus
365 1745 547 1806 adnectere.
563 1745 656 1806 Unde
673 1750 761 1822 patet
778 1743 953 1822 ephymnia
970 1759 1036 1804 non
1052 1741 1240 1804 eorumdem
1258 1746 1460 1803 cantatorum

291 1857 363 1902 esse
377 1842 495 1918 quibus
509 1841 733 1903 antecedentia
744 1840 1007 1902 attribuerentur.
1019 1838 1112 1912 Quod
1122 1839 1149 1899 si
1158 1839 1284 1915 igitura
1296 1838 1460 1901 choreutis

291 1937 450 1998 universis
463 1937 674 2013 iterabantur,
691 1944 727 1998 ut
739 1955 778 1999 ex
789 1955 849 1998 usu
866 1943 934 1999 erat
947 1937 980 1996 in
995 1936 1220 2014 epithalamiis
1236 1935 1458 2014 dithyrambis,

292 2035 460 2112 paeanibus
474 2035 654 2112 ceterisque
673 2035 872 2096 carminibus
891 2051 977 2112 quae,
994 2051 1059 2095 non
1078 2032 1307 2112 antistrophice
1325 2050 1459 2112 compo·

284 2133 355 2211 sita,
375 2141 448 2213 post
467 2135 665 2212 singularem
687 2133 856 2212 cujusdam
876 2140 1005 2195 cantum
1020 2152 1040 2194 a
1053 2133 1238 2196 canentium
1255 2132 1351 2195 turba
1368 2149 1460 2210 repe·

284 2232 435 2293 iebantur
449 2232 471 2301 ⁴,
488 2239 587 2294 restat
607 2239 642 2295 ut
664 2233 772 2312 priora
791 2232 881 2292 chori
901 2231 1048 2310 panibus
1064 2229 1086 2308 ³,
1103 2237 1135 2293 et
1150 2229 1364 2308 potissimum,
1385 2246 1461 2292 cum

285 2329 470 2392 Wecklinic
483 2331 506 2404 ⁶,
523 2331 655 2392 stoechis
670 2329 914 2392 demandamus.

327 2427 458 2499 Quoties
478 2415 596 2489 cho'rus
614 2429 716 2489 modo·
733 2445 810 2489 cum
830 2430 938 2490 Danao
957 2427 1054 2488 modu
1077 2443 1152 2488 cum
1169 2443 1247 2504 rege
1266 2426 1462 2504 colloquitur

290 2523 455 2606 (204346),
471 2526 606 2587 trimetri
620 2526 784 2606 coryphaei
798 2532 876 2588 sunt
889 2525 924 2602 ⁷3v
933 2541 1075 2604 namque
1093 2530 1125 2586 et
1139 2525 1305 2586 duodenas
1319 2525 1461 2603 virgines

288 2640 356 2684 una
375 2641 453 2685 voce
471 2625 712 2686 confabulantes
726 2626 881 2687 inducere
896 2630 1007 2686 contra
1021 2639 1208 2686 sermonum
1222 2640 1346 2685 morem
1360 2640 1459 2701 repu-

289 2726 382 2799 gnat3
403 2722 546 2799 singulas
564 2729 671 2784 autem
694 2723 849 2801 deinceps
867 2722 968 2784 verba
987 2722 1093 2783 facere
1113 2720 1153 2782 ab
1176 2720 1218 2781 iis
1238 2738 1313 2800 quae
1333 2721 1459 2800 signifi-

288 2825 404 2880 cantur
418 2820 605 2896 longissime
618 2821 815 2899 disjunctum
830 2826 890 2896 est,
907 2819 1035 2899 quando
1054 2820 1247 2897 plerumque
1264 2825 1320 2880 aut
1338 2820 1458 2881 chorus

292 2916 332 2978 de
357 2934 392 2979 se
413 2917 626 2981 communiter
643 2919 804 2997 loquatur,
821 2924 878 2980 aut
898 2934 1012 2979 omnes
1032 2916 1173 2995 virgines
1192 2917 1347 2997 gregatim
1369 2933 1459 2979 com·

283 3013 443 3091 pellentur
457 3014 479 3076 ³.

329 3114 423 3175 Nunc
445 3114 548 3176 fusius
568 3113 761 3198 dedii-406
778 3112 1020 3193 disputandum,
1037 3129 1122 3191 quos
1143 3112 1177 3172 in
1195 3128 1293 3175 scena
1312 3118 1456 3175 cantatos
1540 3085 1544 3172 s
1636 3165 1637 3168 ,

290 3225 362 3271 csse
387 3217 523 3283 constat.
551 3212 645 3272 Haud
671 3212 805 3273 dubium
835 3219 884 3273 est
912 3212 999 3273 enim
1026 3210 1116 3289 quin,
1143 3217 1315 3289 postquam
1340 3209 1457 3273 dixerit

292 3308 409 3370 chorus
438 3296 598 3390 θέλοιμ’ἄν
625 3294 689 3378 ἤδη
717 3301 768 3365 σοὶ
796 3296 893 3373 πέλας
919 3299 1044 3391 Θρόνους
1070 3296 1157 3391 ἔχειν
1184 3307 1280 3390 (208),
1299 3308 1396 3371 simul
1417 3324 1457 3371 ex
1512 3360 1516 3369 ,

292 3405 457 3465 orchestra
471 3404 614 3465 discedat
627 3410 755 3484 stetque
768 3408 857 3484 juxta
869 3407 1004 3467 deorum
1015 3406 1150 3483 signain
1161 3406 1330 3483 proscenio
1340 3406 1455 3483 posita,

291 3501 393 3562 donec
407 3518 519 3563 rursus
533 3501 567 3563 in
583 3502 782 3565 orchestram
798 3503 994 3565 descendere
1002 3503 1154 3581 jubeatur
1164 3501 1236 3583 (506
1245 3501 1330 3582 sqq.)
1341 3502 1363 3563 ⁹.
1376 3503 1456 3575 Quae

318 3689 341 3737 l.
360 3688 502 3737 Canterum
527 3686 599 3737 enim
621 3686 741 3753 plerique
762 3688 880 3739 editores
899 3691 1060 3753 sequuntur,
1079 3687 1125 3751 qui
1145 3687 1248 3735 162-133
1268 3690 1330 3748 post
1352 3686 1456 3736 lto-175

285 3759 446 3822 repetendos
463 3772 521 3809 esse
537 3759 677 3809 intellexit.

315 3832 339 3880 2.
355 3830 431 3895 Apud
448 3828 592 3893 Amsrorn„
607 3831 684 3891 Ram,
702 3833 847 3883 1213-1214.

315 3902 391 3953 3.(11
411 3902 535 3963 Goraasc,
548 3902 586 3951 Dc
600 3902 800 3967 ephpmnz'urum
815 3902 890 3967 opud
904 3902 1005 3952 Gnaeus
1018 3902 1045 3951 et
1059 3900 1186 3950 Romanos
1198 3855 1356 3959 rationibus,
1366 3913 1394 3964 p
1408 3900 1454 3950 13.

316 3974 339 4023 4.
356 3974 393 4023 De
408 3974 560 4039 ephymuiis
574 3974 636 4024 vide
650 3974 752 4037 Cnnrsr,
763 3974 816 4023 Met
818 3974 867 4037 rilr,
882 3978 895 4036 5
911 3976 966 4025 118.

313 4046 336 4095 5.
353 4044 428 4106 lota,
445 4049 457 4106 ἓ
471 4048 526 4096 623.

315 4118 339 4165 6.
353 4116 443 4166 Fleck.
455 4117 559 4178 Jahrb„
576 4120 646 4179 1883,
661 4120 702 4168 13Ῐι
720 4118 813 4181 Suppl.
828 4118 865 4176 b.‚
883 4115 948 4167 Uber
961 4115 988 4167 d.
1006 4114 1143 4167 Technik...

317 4188 340 4235 l.
356 4186 596 4248 Cl.Wu1u‚AEsch.
612 4192 692 4254 trop,
708 4191 778 4251 1831,
794 4203 821 4252 p.
839 4190 879 4249 23,
893 4188 957 4239 adn.

299 4257 339 4306 -8,
357 4257 394 4308 cl.
413 4258 691 4319 Hsmsosrn‚13eitr...,
707 4275 733 4323 p.
749 4262 832 4310 lli-ll.

316 4330 340 4379 9.
353 4328 391 4379 Gi.
404 4328 490 4392 Wnn,
505 4330 591 4381 AEacli.
609 4331 695 4396 Trap,
708 4345 735 4395 p.
749 4334 779 4381 23
795 4335 821 4383 et
837 4333 879 4393 54,
893 4330 973 4391 adn.;
984 4358 1017 4367 -
1026 4330 1167 4392 chnrcas,
1176 4329 1214 4380 De
1225 4328 1303 4380 choro
1316 4326 1459 4393 Sophocleo

285 4400 312 4448 et
325 4397 470 4464 AEschpleo‚
486 4415 512 4464 p.
527 4404 615 4463 24-253
629 4428 659 4439 -
673 4403 825 4464 Faciamus,
839 4402 857 4452 l.
870 4416 903 4465 c.,
916 4416 942 4466 p.
957 4404 988 4452 86
1002 4415 1062 4465 sqq.
1416 4424 1419 4429 ·
