3284 5200
707 457 805 522 -M
824 494 868 511 μ

200 594 339 673 majores
354 594 486 673 spiritus
507 593 540 654 in
555 610 591 656 rc
611 609 748 669 sumam,
770 593 924 663 omnibus
946 592 1035 655 hisee
1057 595 1194 672 repertis
1216 610 1372 671 repugno,
1477 627 1488 639 ··

200 693 275 772 quia
305 699 360 754 aut
392 681 698 770 antistrophicorum
732 691 936 770 aequabilitas
969 691 1206 769 consensioque
1241 693 1371 757 abrum-

201 787 331 869 puntur‚
352 789 454 850 autin
472 789 644 870 particulas
661 795 840 867 carpuntur
857 789 1084 867 lenianturque
1098 789 1243 850 membra
1254 794 1371 867 poetae,

201 894 256 950 aut
269 889 309 949 ad
321 888 488 950 libidinem
504 905 597 949 suam
612 887 671 948 viri
686 887 875 965 doctissimi,
894 887 982 947 nulla
997 887 1180 965 AEsohyleae
1196 893 1372 948 consuetu·

202 985 295 1058 dinis,
312 985 402 1046 nulla
416 986 512 1046 etiam
531 985 608 1046 artis
624 985 765 1047 chorioae
785 985 910 1046 ratione
924 985 1045 1058 habita,
1062 991 1243 1047 cantatores
1255 985 1375 1062 stipant

95 1087 99 1093 '
200 1099 377 1161 rursusque
405 1083 577 1162 disjiciunt.
605 1083 865 1162 Alloeostrophos
893 1099 1009 1144 versus
1036 1081 1150 1144 78-107
1175 1082 1294 1143 viritim
1319 1099 1374 1142 ca·

201 1181 324 1242 nendos
340 1197 412 1242 esse
426 1181 518 1258 quasi
533 1187 622 1244 certo
636 1182 756 1244 certius
770 1188 830 1242 est.
847 1182 929 1243 Nam
944 1186 977 1242 et
991 1180 1163 1242 verborum
1177 1179 1373 1242 continuatio

202 1278 384 1356 saepissime
408 1278 602 1353 conciditur,
627 1285 659 1339 et
685 1279 719 1340 in
747 1279 942 1369 salebrosas.
954 1278 1195 1370 deprecationes
1220 1277 1371 1356 praetrac-

201 1379 316 1454 tosque
332 1378 436 1454 plorat
438 1394 477 1438 us
491 1382 676 1454 er.umpunt
693 1377 737 1438 Ea
755 1377 832 1437 est
824 1364 957 1454 insuper
971 1383 1149 1438 metrorum
1167 1381 1281 1436 natura
1298 1391 1373 1453 quae

200 1474 465 1536 tumultuantium
473 1474 619 1536 fremitus
627 1474 738 1552 fingat
746 1475 1012 1536 etcboreutarum
1020 1473 1374 1551 artificiosiusdrgestos

200 1575 322 1633 tractus
348 1577 489 1651 respuat.
519 1572 632 1651 Itaque
659 1571 930 1638 conclamantium
959 1572 993 1632 in
1016 1571 1280 1649 orchestramque
1300 1586 1373 1654 sese
1459 1643 1465 1652 ¹

202 1669 447 1746 proripientium
465 1670 661 1747 singularem
681 1675 811 1731 cantum
831 1669 1055 1731 retinebimus.
1074 1669 1247 1730 Avolantes
1264 1674 1373 1729 autem

202 1765 237 1827 in
250 1771 362 1829 ternos
381 1767 511 1829 ordines
528 1768 577 1828 vel
597 1768 723 1845 trepide
738 1767 991 1846 festinanterque
1006 1766 1132 1845 disponi
1146 1783 1204 1843 par
1217 1771 1282 1841 est3
1298 1782 1372 1843 quae
1387 1784 1390 1790 ’

202 1863 369 1943 dispositio
387 1882 427 1925 ex
449 1865 518 1943 ipsa
540 1865 630 1944 lyrici
654 1866 822 1927 commatis
848 1865 967 1926 fabrica
992 1864 1108 1940 prodit.
1132 1864 1261 1942 Siquis
1287 1863 1374 1925 enim

202 1961 371 2039 diligenter
384 1962 478 2024 istam
492 1962 603 2042 parodi
614 1961 771 2041 proodum
786 1962 968 2042 perlegerit,
981 1961 1157 2040 coaequatis
1169 1961 1270 2022 terme
1279 1961 1375 2023 inter·
1471 1976 1474 1982 ·

201 2059 293 2120 vallis
307 2059 468 2138 interponi
482 2060 621 2122 Deorum
633 2060 833 2138 precationes
847 2060 1081 2120 animadvertet
1096 2057 1139 2139 (v.
1149 2058 1204 2134 863
1220 2056 1372 2138 963106),

173 2163 175 2166 ’
203 2156 447 2237 simillimosque
470 2158 696 2220 choreutarum
717 2164 825 2219 motus
844 2174 918 2220 cum
938 2157 1070 2236 paribus
1092 2157 1208 2218 cantici
1228 2156 1374 2234 partibus

203 2262 386 2333 competere
402 2255 628 2334 suspicabitur.
649 2257 699 2317 Ad
715 2257 884 2318 veritatem
899 2262 1057 2333 praeterea
1075 2255 1203 2317 videtur
1220 2254 1375 2316 accedere

202 2352 380 2430 Thebanae,
393 2370 458 2415 non
474 2359 510 2414 ut
523 2371 662 2433 quaeque
677 2370 831 2432 zygorum
845 2354 1006 2431 particeps
1019 2360 1116 2431 esset,
1133 2351 1260 2429 instrui,
1272 2351 1329 2412 sed
1341 2351 1379 2428 in⁴

201 2451 343 2512 stoeohos
358 2451 510 2530 deinceps
529 2452 614 2513 circa
628 2451 861 2530 hyposoenium
881 2451 1043 2530 explicari,
1059 2456 1095 2512 ut
1112 2456 1226 2528 quarto
1244 2466 1375 2528 quoque

202 2548 400 2611 stoeuhorum
420 2550 491 2612 loco
507 2549 659 2611 mulieres
676 2551 709 2612 in
728 2550 791 2611 fine
809 2548 932 2611 ordinis
947 2549 1063 2630 positae
1080 2548 1121 2610 ad
1134 2548 1375 2610 obsecrationes

202 2646 421 2725 confugerent,
439 2647 525 2709 unde
545 2665 683 2726 expansa
699 2648 884 2711 canentium
903 2664 1030 2709 summa
1049 2649 1122 2726 plus
1143 2647 1263 2709 chorici
1282 2664 1376 2725 appa·

202 2750 290 2807 ratus
317 2746 567 2825 dramaticaeque
593 2746 736 2809 veritatis
767 2746 860 2807 toret.
892 2745 1005 2824 ltaque
1032 2762 1098 2807 non
1126 2746 1264 2806 multum
1292 2762 1312 2805 a
1338 2762 1374 2807 re

203 2843 361 2904 errabo
336 2861 374 2917 sr,
395 2842 450 2904 diu
471 2844 638 2922 pensitatis
659 2844 893 2906 sententiarum
911 2844 1120 2922 juncturis,
1111 2860 1145 2904 ru
1165 2844 1254 2905 hunc
1275 2859 1375 2977 prope

204 2940 337 3002 modum
351 2958 481 3004 carmen
496 2948 642 3005 nostrum
655 2941 820 3004 dividam:

639 3173 935 3230 ARISTEROSTATAE

812 3290 820 3321 r

443 3431 517 3450 ......
532 3388 644 3469 θρέομαι
657 3296 879 3471 φοΰερὰὴμῗγᾶΥ
892 3387 959 3471 ἄχη.

443 3489 568 3565 μεθεῖται
583 3493 696 3569 στρατὸς
709 3490 892 3569 στρατόπεδον
904 3484 1001 3548 λιπών.

203 3704 312 3756 Mutilus
327 3706 388 3771 (θεν
408 3706 494 3758 Gltor..
498 3720 560 3771 .‚p.
578 3710 644 3773 8-10)
667 3722 720 3759 non
740 3710 806 3763 sctis
825 3723 886 3762 esse
905 3711 1123 3762 conturbationis
1138 3710 1372 3776 dispersionisque

202 3778 277 3827 ratus
291 3777 313 3827 si
329 3777 416 3827 semel
430 3780 567 3830 choreutae
579 3779 736 3842 singillatim
751 3784 860 3842 canunt,
875 3782 918 3831 bis
933 3783 1044 3832 eborum
1062 3782 1181 3865 dissipat·
1201 3784 1296 3847 bisque
1311 3798 1371 3833 mu·

200 3846 325 3899 lierculas
343 3849 473 3915 σποράδην
493 3851 564 3901 inter
579 3865 605 3900 v.
622 3853 662 3901 '18-
664 3853 708 3902 tut
726 3852 841 3915 inducit,
857 3854 989 3917 reliquam
1005 3868 1070 3904 vero
1091 3854 1227 3918 syzygiam
1247 3857 1372 3905 cantato-

199 3918 276 3968 ribus
304 3933 380 3983 aeque
408 3922 503 3971 divisis
529 3923 662 3973 concedit.
688 3923 829 3974 Postremo
857 3925 1024 3975 Weckliuius
1048 3924 1140 3987 (Flecte
1167 3923 1270 3987 tauro,
1302 3927 1373 3987 18³³,
1392 3941 1396 3947 ’

201 3990 243 4038 1³¹¹
257 3988 348 4053 Suppl.
363 3991 398 4049 b,
411 3992 477 4043 Uber·
489 3993 515 4042 d.
531 3994 690 4057 Technik...),
703 3999 847 4059 postquam
857 3995 1013 4057 estrophica
1025 3998 1078 4060 (Ἰ8-
1081 3996 1135 4060 tut)
1147 3996 1219 4045 inter
1230 3995 1374 4048 duodenos

199 4060 342 4111 eboreutas
358 4062 507 4126 distribuit,
523 4065 639 4127 strophae
653 4069 680 4115 et
692 4066 868 4127 antistrophe
885 4066 914 4118 α’
928 4068 981 4117 tria
992 4080 1052 4129 quae
1072 4068 1226 4130 suspicatur
1238 4071 1374 4117 commata

200 4130 312 4181 stoeehis
332 4131 487 4195 demandat,
502 4139 637 4186 extremos
652 4138 856 4187 contrachorici
876 4151 970 4187 versus
994 4138 1168 4195 bemieboriis
1185 4138 1320 4187 attribuit.
1335 4139 1373 4190 De

199 4205 350 4253 ceterorum
364 4205 537 4267 conjecturis,
550 4206 677 4270 quoniam
689 4208 758 4257 nibil
769 4209 840 4258 inest
851 4209 1019 4272 precipuum
1029 4213 1076 4260 aut
1087 4209 1233 4271 singulare,
1245 4222 1372 4272 superva-

201 4285 282 4323 cuum
290 4278 331 4323 est
345 4274 444 4325 dicere.
453 4277 564 4340 -[Vid.
576 4278 701 4328 Ournorcr
711 4278 758 4343 (De
768 4281 877 4329 stauimo
886 4280 975 4344 primo
984 4279 1093 4343 subulae.
1102 4279 1189 4331 AEaclt.
1200 4295 1258 4345 quae
1268 4280 1372 4344 Septen

198 4342 381 4479 ἕάιὲὓξδὶῧὸαε
401 4347 555 4398 ducribitur
577 4351 767 4413 cunmeututio,
784 4365 813 4415 p.
837 4351 929 4417 12'3-
946 4352 1076 4403 Zrnrrerr
1099 4353 1144 4415 (De
1162 4351 1241 4402 choro
1260 4351 1370 4416 Sepla„
