3284 5200
702 406 863 469 ..g-1-

195 539 235 601 ad
256 538 430 601 tritostatas
450 538 653 618 processerit.
681 540 760 613 Quae
784 541 970 618 coniectura
995 557 1034 603 eo
1060 541 1129 604 veri
1160 547 1209 603 est
1232 542 1368 606 similior

194 637 281 716 quod
301 636 334 696 in
349 630 453 714 primo
473 637 679 715 stropharum
698 638 764 716 pari
788 638 839 699 bis
860 638 929 700 bini
949 639 1200 716 interponuntur
1218 642 1366 713 trimetri,

194 751 276 813 quos
290 750 385 795 nemo
401 740 451 796 est
467 734 524 814 qui
539 736 714 815 coryphaeo
733 742 859 798 renuat.
876 736 929 798 Sic
943 736 1031 797 enirn
1050 744 1083 799 et
1101 737 1255 815 singulari
1269 746 1365 801 cantu

193 832 405 894 acomitibus
430 833 633 911 sejungetur,
659 840 693 895 et
714 834 784 913 ipse
813 834 981 911 paululum
1000 851 1073 896 sese
1098 852 1117 895 a
1142 830 1364 898 dochmiorum

193 930 383 992 necessitate
396 937 429 992 et
437 930 625 1007 impotentia
637 932 801 1004 relaxabit,
816 949 899 1011 quos
913 938 1039 994 certum
1052 939 1178 995 estnon
1188 932 1250 994 nisi
1264 934 1366 997 imbe

193 1027 275 1089 ciliis
289 1027 476 1106 timidisque
490 1029 680 1092 mulieribus
693 1030 734 1091 ab
753 1030 906 1109 AEschylo
924 1030 1059 1092 traditos
1079 1048 1151 1093 esse
1165 1030 1186 1090 ¹.
1202 1030 1363 1110 Ceterum,

194 1125 249 1186 ubi
261 1126 422 1187 trimetros
431 1125 695 1198 dedamnaverit,
708 1128 876 1190 dochmios
888 1144 1019 1207 quoque
1029 1127 1125 1191 sociis
1138 1124 1233 1206 primi
1245 1129 1366 1191 ordinis

194 1223 359 1285 immixtus
378 1231 485 1287 canet.
508 1225 654 1303 Reliquae
678 1231 786 1287 autem
811 1225 950 1305 syzygiae
974 1210 1077 1304 primo
1101 1226 1142 1287 ad
1163 1227 1364 1305 laurostatas,

195 1321 312 1383 deinde
339 1322 379 1383 ad
403 1321 595 1384 dexiostatas
620 1323 845 1400 pertinebunt;
873 1332 905 1385 et
928 1340 1059 1385 carmen
1088 1340 1215 1386 summa
1242 1326 1366 1387 ratione

195 1418 376 1482 confectum
402 1421 413 1455 ¹
441 1421 481 1481 ab
509 1420 691 1483 iamborum
718 1422 885 1484 sedatione
910 1427 942 1482 et
970 1439 990 1482 a
1014 1422 1218 1499 singulorum
1247 1423 1364 1484 recita-

195 1516 282 1579 tione
296 1518 437 1595 primum
451 1518 493 1579 ad
512 1519 699 1580 Cassandrae
716 1525 848 1597 pacatos
861 1536 978 1580 senum
991 1519 1146 1581 trimetris
1160 1519 1367 1582 dochmiacos

194 1630 358 1689 numeros
385 1616 503 1678 deinde
522 1617 564 1678 ad
585 1616 750 1695 legitimos
768 1616 936 1678 dochmios
956 1622 990 1679 et
1010 1617 1051 1678 ad
1071 1617 1265 1678 concordem
1287 1624 1366 1679 stoe-

194 1712 331 1774 chorum
347 1713 593 1775 concitationem
608 1714 820 1793 compelletur
833 1713 857 1776 ².

235 1812 404 1874 Commum
427 1812 546 1890 excipit
566 1812 754 1873 Cassandrae
774 1812 928 1889 chorique
946 1811 1146 1895 colloquium
1165 1808 1363 1891 (trra-teau)

194 1910 292 1988 quod,
301 1904 359 1987 pro
371 1926 441 1973 mea
450 1909 694 1981 cousuetudine,
706 1910 892 1987 coryphaeo,
900 1909 976 1971 licet
986 1909 1232 1987 amplissimum,
1240 1909 1365 1972 cedam.

194 2007 289 2068 Nulla
315 2008 401 2068 enim
426 2007 460 2067 in
483 2008 584 2070 hocce
612 2008 755 2085 episodio
784 2008 950 2085 quadratae
978 2006 1223 2084 compositionis
1249 2007 1368 2069 indicia

194 2104 354 2178 invenias3
371 2104 594 2184 sermonisque
609 2113 716 2182 partes
730 2106 992 2185 inaequahiliores
1012 2111 1089 2166 sunt
1109 2122 1206 2184 quam
1221 2112 1257 2167 ut
1276 2106 1368 2167 exiis

194 2203 321 2263 libratio
342 2203 412 2264 sseri
433 2210 529 2281 queat
549 2202 571 2263 ⁸.
592 2204 677 2265 Nihil
698 2211 747 2265 est
769 2204 867 2281 igitur
888 2220 947 2264 our
968 2209 1023 2265 aut
1041 2219 1195 2281 zygorum
1215 2208 1270 2264 aut
1288 2209 1367 2264 stoe·

194 2301 330 2362 chorum
345 2301 506 2379 principes
520 2301 553 2361 in
568 2308 710 2363 mentem
725 2309 814 2363 tuam
835 2302 974 2376 veniant,
991 2301 1067 2379 quia
1086 2301 1222 2378 imparia
1239 2300 1366 2379 parium

195 2400 344 2460 ordinum
358 2399 494 2461 ducibus
508 2400 618 2461 munia
626 2399 818 2461 tribuantur.
832 2400 915 2461 Cave
929 2399 1061 2477 insuper
1073 2399 1169 2459 variis
1184 2398 1273 2461 chori
1290 2415 1364 2460 ver·

194 2496 283 2558 sibus
298 2497 451 2575 deinceps
465 2498 687 2576 gregatimque
705 2498 833 2559 dicendi
853 2502 1045 2575 potestatem
1060 2496 1169 2568 iacias,
1186 2513 1228 2558 ne
1243 2512 1366 2558 sermo·

194 2593 370 2657 cinantium
391 2595 561 2658 insolentia
581 2613 650 2657 rem
670 2595 826 2675 tragicam
843 2596 1028 2658 conturbes.
1051 2594 1260 2674 Singulorum
1279 2611 1367 2673 prae·

194 2687 282 2755 terea
296 2694 522 2756 choreutarum
537 2692 722 2757 meminisse
741 2683 824 2767 noli,
835 2694 912 2772 quia
928 2709 1161 2772 responsorum
1181 2709 1335 2754 numerus
1349 2709 1368 2753 a

193 2808 309 2852 senum
322 2808 458 2854 numero
471 2793 640 2870 discrepet,
657 2797 690 2852 et
706 2791 1095 2871 inique-inconcinneque
1112 2791 1365 2869 colloquentium

191 2889 281 2965 globi
297 2906 369 2951 sese
386 2890 420 2950 in
435 2889 579 2967 episodio
597 2889 797 2951 continuent.
815 2889 924 2962 Quare
939 2889 990 2949 vel
1003 2893 1188 2965 parastaten
1206 2888 1240 2948 in
1255 2887 1367 2948 sedem

192 2987 355 3064 coryphaei
383 2988 545 3048 interdum
571 2987 690 3063 suffici,
720 2987 810 3047 nulla
839 3002 1071 3064 personarum,
1100 2985 1189 3046 nulla
1215 2984 1366 3045 orationis

192 3083 414 3147 immutatione
434 3080 668 3146 interveniente
686 3083 709 3161 ⁵,
730 3084 808 3145 mihi
828 3083 987 3160 displicet.
1012 3083 1122 3145 Unum
1142 3099 1182 3144 ex
1201 3081 1366 3143 orchestra

194 3179 301 3262 eloqui
316 3185 434 3261 scripta
445 3183 514 3260 ipsa
528 3183 701 3244 declarant.
715 3182 912 3243 lamundum
925 3180 1013 3243 enim
1028 3180 1207 3243 Cassandra
1222 3178 1301 3241 dixit

512 3323 559 3385 καὶ
573 3322 606 3384 οὗ
619 3325 680 3404 μ’ἑν
696 3324 775 3407 τάχει
788 3321 884 3405 παρὼν

354 3421 420 3501 ἄγαν
431 3424 622 3502 ἀληθόμαντιν
635 3423 753 3507 οἰκτίρας
767 3425 838 3505 ἐρεῖς
854 3419 1028 3523 (mildi),

194 3591 268 3647 oum
284 3584 477 3662 coryphaeus

353 3705 375 3776 ὦ
390 3718 507 3795 τλῆμον,
524 3715 635 3800 οἰκτίρω
650 3739 682 3776 σε
695 3714 834 3800 θεσφάτου
850 3717 949 3796 μόρου,
967 3714 1011 3775 ait
1026 3711 1147 3794 (1321).

226 3879 247 3924 1.
261 3875 386 3939 Exceptis
407 3879 497 3924 tamen
516 3875 605 3925 Persis
625 3875 680 3938 (268
699 3874 769 3938 sqq),
791 3873 837 3923 ubi
860 3872 1068 3936 perpaucissimi
1091 3869 1242 3920 dochmiaci
1262 3871 1366 3920 numeri

194 3945 380 4008 ignavioribus
394 3946 515 4007 senibus,
531 3950 561 3995 ut
574 3945 635 3994 Asia
651 3944 784 4004 oriundis,
799 3944 908 3993 dantur.

223 4018 247 4066 ἓ.
259 4016 319 4067 vid.
334 4017 417 4079 Wsn,
431 4017 516 4067 aleca.
531 4015 636 4078 Jahrb,
650 4015 721 4078 1861,
737 4029 763 4078 p.
779 4017 835 4065 399.

225 4089 247 4137 3.
264 4089 301 4138 De
320 4089 473 4138 iamborum
494 4088 736 4151 dochmiorumque
757 4085 951 4150 conjunctione
974 4084 1038 4134 vide
1052 4084 1126 4134 Wara
1146 4081 1241 4147 (Flecte.
1264 4080 1364 4142 Jahrb,

195 4160 265 4218 taor,
282 4173 307 4220 p.
323 4161 452 4209 ror-roa.

224 4232 247 4280 t.
257 4231 294 4280 De
302 4160 634 4296 versuumberm'utatione
644 4228 706 4280 ride
714 4227 742 4278 G.
750 4229 895 4287 Hermann,
906 4225 978 4283 Weil,
988 4225 1067 4288 Keclr,
1077 4223 1366 4287 Weckleia,Kirclthoff,

194 4300 375 4363 Pulep,etc....
389 4302 446 4363 Ego
461 4314 534 4362 vero,
546 4315 605 4352 curn
619 4300 747 4350 omnibus
759 4299 813 4349 iere
827 4298 990 4358 editoribus,
1002 4298 1157 4347 Hermanno
1171 4295 1318 4359 suffragor.

226 4374 248 4422 5.
265 4371 333 4422 Vide
348 4376 444 4422 contra
458 4373 561 4422 Vanam
576 4372 689 4436 (Apum,
705 4370 758 4432 ed,
775 4370 838 4419 adn.
854 4371 887 4418 ad
906 4382 931 4417 r.
946 4370 1026 4431 1295).
