3284 5200
769 487 810 501 ..
831 424 936 515 364-

263 591 445 664 permutata
455 566 625 661 sententia,
634 587 668 648 in
680 592 819 650 exeunte
832 602 963 665 quoque
977 584 1079 648 altera
1090 587 1295 667 antistropha
1305 591 1448 655 metrice·

262 690 424 761 repetunt,
440 684 600 764 aliamque
613 686 689 747 vitae
706 685 864 746 rationem
877 689 1062 762 proponunt
1077 700 1085 745 :

525 834 595 916 μετὰ
609 839 724 898 πολλῶν
739 835 769 898 δέ
783 837 879 920 γάμων
893 837 942 897 ἅδε
957 834 1077 897 τελευτὰ

520 939 658 1018 προτερῶν
671 938 755 997 πέλοι
770 940 908 1017 γυναικῶν
923 933 1093 1016 (1051-52).

176 1126 177 1130 =
262 1091 354 1154 Unde
376 1091 491 1153 miram
515 1093 747 1156 sententiarum
771 1110 1048 1174 personarumque
1075 1093 1160 1155 inter
1185 1093 1326 1171 primum
1354 1094 1434 1158 alte·

261 1205 399 1268 rumque
427 1191 630 1268 stropharum
653 1207 712 1270 par
733 1191 952 1254 diversitatem
977 1190 1161 1268 fatebimur,
1185 1197 1219 1253 et
1238 1208 1269 1253 v.
1295 1191 1433 1255 1035-52

259 1287 395 1364 singulis
407 1285 599 1350 famularum
612 1290 705 1367 zygis
718 1288 912 1350 tribuemus.
1434 1351 1436 1356 .

249 1378 261 1384 ”
298 1384 393 1447 Nune
418 1389 496 1448 uero
524 1385 714 1448 brevissima
736 1393 770 1450 et
793 1393 948 1464 rogantur
970 1391 1003 1448 et
1023 1387 1261 1465 respondentur
1281 1388 1323 1450 de
1344 1404 1434 1451 more

259 1483 555 1545 sermocinantium.
572 1485 747 1564 Postquam
764 1485 906 1564 primum
925 1483 1104 1546 Danaidum
1126 1502 1243 1564 zygum
1262 1485 1442 1565 superbius·

258 1581 357 1643 dixit:
374 1599 512 1660 magnus
529 1582 654 1660 Jupiter
671 1589 793 1645 avertet
811 1583 941 1662 AEgypti
958 1582 1100 1644 filiorum
1114 1582 1302 1662 conjugium
1319 1582 1432 1663 (1053-

255 1677 308 1760 54)
324 1678 345 1755 ¹,
360 1681 555 1757 proximum,
570 1688 606 1742 ut
620 1680 712 1743 hisce
727 1681 867 1744 dominis
876 1681 1076 1758 adjunctum,
1087 1681 1277 1742 ancillarum
1291 1690 1427 1760 zygum':

256 1777 395 1852 eveniat,
411 1777 526 1856 inquit,
543 1777 701 1856 quidquid
716 1780 874 1856 optimum
888 1786 937 1840 est
947 1775 970 1839 ².
988 1777 1052 1839 Sed
1068 1776 1240 1856 displicent
1252 1777 1324 1851 ista,
1341 1794 1427 1851 nam,

255 1874 283 1936 si
298 1873 437 1935 latorum
450 1875 607 1936 voluntati
618 1892 683 1937 non
694 1893 763 1937 suae
776 1876 919 1953 ipsarum
931 1876 1107 1937 iracundiae
1118 1881 1222 1938 semet
1232 1877 1432 1938 committant

255 1971 386 2050 puellae,
399 1972 545 2034 accidere
553 1973 661 2050 possit
675 1978 711 2034 ut
725 1989 835 2035 rerum
849 1973 1034 2036 mortalium
1047 1973 1173 2035 vicibus
1183 1973 1234 2036 vel
1248 1973 1430 2036 inimicissi-

256 2068 319 2130 mis
329 2069 405 2131 viris
416 2070 745 2149 tradantur3quorum
756 2077 905 2132 naturam
914 2071 1146 2133 inexorabilem
1156 2072 1287 2149 quaudo
1296 2071 1428 2134 flectere

255 2167 379 2247 nolunt,
396 2185 462 2230 non
476 2167 595 2230 mirum
610 2174 661 2230 est
672 2185 732 2235 eas¹
741 2169 832 2230 hisee
844 2169 953 2230 verbis
967 2168 1103 2230 famulas
1116 2169 1284 2246 increpare
1300 2187 1308 2231 :

515 2316 547 2381 σὺ
562 2317 590 2380 δέ
603 2318 709 2402 θέλγοις
724 2318 754 2379 ἄν
768 2318 906 2380 ἄθελκτον
922 2317 1038 2401 (1056),

253 2479 316 2542 Sed
332 2484 504 2558 postquam
520 2478 581 2541 ista
597 2496 704 2558 neque
723 2480 865 2542 Deorum
880 2496 987 2560 neque
1003 2479 1101 2542 futuri
1120 2479 1278 2544 rationem
1292 2479 1424 2558 habent,

250 2577 359 2642 statim
377 2578 418 2640 ab
436 2576 560 2647 ancillis
574 2578 812 2657 respondetur:

510 2728 542 2790 σὺ
557 2729 585 2791 δέ
600 2728 685 2812 γὀὖκ
698 2724 778 2791 οἶσθα
792 2738 826 2791 τὸ
841 2732 947 2811 μέλλον
962 2728 1079 2811 (1057).

226 2866 228 2873 ⁵
251 2898 345 2973 «Qui
363 2898 470 2972 futura
489 2899 675 2961 noverimus
691 2900 725 2960 in
744 2916 861 2961 aroana
876 2898 965 2960 Jovis
983 2904 1092 2961 mente
1110 2898 1319 2974 recondita»,
1336 2899 1425 2960 aiunt

249 2996 407 3059 Danaides
423 2995 605 3077 (1058-59)‘r
620 3015 636 3057 a
650 2996 775 3059 Modica
789 2995 890 3075 igitur
902 2998 1042 3075 expetite
1057 3015 1088 3074 ν,
1103 3002 1265 3074 reponunt
1278 2996 1422 3072 lamulae3

249 3104 494 3168 seilicetrviml
496 3105 548 3167 ovi
557 3122 600 3166 ne
610 3104 737 3166 facitote
748 3092 918 3167 dieentes&
931 3095 1028 3186 μέγας
1041 3092 1113 3167 Ζεὺς
1124 3087 1312 3170 ἀναλέξει...
1325 3119 1395 3183 sqq.
1406 3121 1423 3163 ν

249 3203 385 3280 Impiam
407 3202 506 3280 igitur
531 3202 758 3265 confidentiam
783 3202 950 3280 deponunt
974 3201 1144 3278 Danaides
1169 3207 1202 3262 et
1225 3219 1243 3261 ι
1264 3216 1363 3279 quem
1387 3206 1423 3263 tu

249 3300 383 3362 modum
400 3317 454 3362 me
472 3299 620 3362 doees‘lu
637 3300 798 3378 inquiunt.
816 3318 834 3360 u
854 3299 939 3376 Noli,
953 3298 1045 3361 aiunt
1061 3298 1202 3369 tamulae,
1217 3300 1353 3361 deornm
1372 3315 1425 3361 res

250 3398 346 3460 nimis
371 3398 545 3475 inquirere.
574 3415 591 3457 n
620 3397 758 3459 Perinde
789 3403 898 3458 aulem
921 3398 985 3458 hoc
1006 3397 1093 3459 valet
1114 3402 1269 3475 tanquam
1291 3414 1329 3458 ea
1351 3413 1426 3475 quae

250 3496 371 3575 sepius
385 3494 426 3556 de
440 3494 633 3555 immutabili
648 3494 786 3555 fatorum
800 3494 913 3554 ordine
934 3499 1131 3571 usurpantur
1146 3492 1307 3573 (104852;
1322 3491 1423 3577 1057).

251 3598 322 3659 Non
332 3594 418 3656 male
427 3591 526 3671 igitur
534 3597 725 3669 statuemus
735 3591 763 3653 si
773 3599 891 3653 octona
899 3597 1059 3653 commata
1068 3590 1237 3670 duplicatis
1246 3591 1424 3653 Danaidum

251 3693 506 3771 ancillarumque
517 3690 606 3770 zygis
618 3690 876 3752 destinabuntur.

290 3792 386 3854 Nuno
407 3805 483 3853 vero
507 3788 548 3851 de
569 3806 600 3851 v.
625 3786 761 3849 louein
783 3787 908 3849 facilius
930 3788 1136 3866 decernetur,
1160 3786 1313 3866 quoniam
1334 3786 1428 3849 desiit

253 3890 451 3969 colloquium
467 3894 500 3949 et
513 3885 656 3965 rhythmi
675 3892 852 3948 mutantur.
868 3886 950 3948 Cum
969 3886 1056 3948 enim
1075 3887 1109 3946 in
1132 3886 1251 3948 melius
1268 3885 1429 3947 Danaides

284 4071 307 4118 l.
321 4067 411 4118 Malim
426 4066 500 4117 enim
520 4065 636 4123 ἀπαλέξει
653 4063 786 4127 (Weilins
798 4063 880 4128 1884),
895 4062 938 4113 oui
953 4062 1040 4126 maior
1053 4063 1124 4113 inest
1142 4062 1216 4114 lovis
1231 4061 1331 4113 auxilio
1343 4055 1428 4112 ronll'·

252 4137 354 4199 dentis,
371 4137 500 4201 quamvis
510 4135 632 4194 ἀπαλέξαι
648 4135 740 4200 (Med.)
755 4135 864 4185 minime
880 4148 897 4184 a
910 4134 1016 4184 ratione
1031 4146 1091 4184 mea
1105 4134 1260 4184 abhorreat.

283 4211 308 4258 2.
324 4210 367 4259 Sio
378 4209 451 4259 enirn
464 4208 548 4258 verba
561 4208 589 4258 τὸ
609 4207 652 4272 μὲν
667 4206 698 4258 ἄν
716 4206 835 4271 βέλτατον
850 4207 889 4269 εἴη
905 4205 987 4268 (1055)
1010 4203 1138 4267 intellego
1157 4217 1219 4255 oum
1239 4202 1340 4263 Palem,
1354 4201 1426 4264 apud

254 4294 334 4343 quern
353 4279 484 4330 nonnulla
504 4278 592 4341 legere
609 4284 650 4328 est
665 4278 787 4340 exemplo
808 4276 881 4326 unde
900 4278 1024 4326 tlrmetur
1045 4275 1164 4326 enormis
1184 4274 1292 4325 articuli
1317 4273 1425 4337 positio.

253 4352 378 4403 Ceterum
388 4352 495 4400 inversu
509 4349 643 4400 sententia
652 4348 741 4412 aptius
754 4349 782 4397 in
799 4347 938 4410 superiora
951 4347 1069 4410 quadrat
1080 4351 1094 4396 ι’
1106 4346 1153 4398 dri
1163 4365 1201 4399 τοι
1217 4348 1341 4411 μόρσιμόν
1351 4340 1430 4404 ἐστιν,

254 4424 282 4474 τὸ
292 4422 381 4488 γένοιτ’
398 4421 429 4474 ἂν
444 4422 537 4485 (1048).
