3284 5200
814 407 975 470 ..52-

312 545 434 609 886-87
460 543 745 607 hemichoriorum·
763 541 963 621 principibus
990 539 1102 601 tradit.
1134 541 1214 613 Quae
1241 537 1320 601 mihi
1349 538 1482 603 omuino

299 644 469 724 probavit.
490 644 710 720 Praeterquam
731 640 819 702 enim
836 656 910 718 quae
927 640 995 718 jam
1013 654 1111 715 supra
1131 638 1354 699 constituerim
1377 638 1481 699 hemi·

295 742 426 804 -choria'
440 734 552 804 sedem
575 756 668 801 suam
688 743 821 801 teneant
846 742 983 815 oportet,
1007 741 1040 797 et
1059 734 1144 797 inter
1166 736 1348 798 canendum
1368 752 1481 814 segre·

298 846 381 919 ·gata
395 844 557 915 maneant,
574 855 613 899 ex
627 838 698 915 ipsa
716 836 892 898 verborum
908 834 1094 912 symmetria
1110 839 1143 896 et
1161 832 1363 895 concinentia
1375 832 1481 912 liquet

307 938 460 999 iambicas
485 935 669 1013 strophulas
697 932 838 1012 (att-763
862 930 987 1013 880-83)
1011 949 1077 993 ιιοιι
1105 932 1167 992 uisi
1190 932 1230 992 ad
1253 931 1343 992 chori
1370 937 1479 1017 partes

307 1036 392 1098 inter
410 1053 445 1097 se
465 1033 697 1111 contrapositae
714 1031 876 1109 pertinere
887 1030 911 1107 ¹,
927 1037 1109 1109 anapaestos
1124 1037 1234 1092 autem
1252 1028 1477 1091 recitatoribus

307 1133 442 1212 singulis
462 1139 495 1193 et
515 1131 636 1193 idcirco
658 1129 832 1208 coryphaeo
856 1134 1092 1207 parastataeque
1112 1126 1297 1199 servandos,
1316 1133 1352 1187 ut
1371 1126 1475 1188 hemi·

306 1231 489 1292 chorintum
502 1228 706 1310 praesidibus
720 1227 957 1305 disputationis,
973 1226 1006 1287 ni
1022 1227 1124 1313 lallor,
1139 1242 1205 1286 non
1218 1232 1301 1305 eget.

345 1330 464 1391 Ternas
479 1334 588 1389 autem
602 1332 843 1403 consequentes
859 1323 1005 1406 syzygias
1021 1321 1192 1403 (887-960),
1206 1339 1287 1401 quas
1300 1324 1370 1400 ipse
1384 1321 1474 1383 Wei-

304 1426 377 1499 lius‚
389 1426 484 1503 paulo
496 1432 570 1487 ante
584 1424 668 1487 inter
687 1423 822 1486 chorum
838 1428 871 1483 et
884 1438 1013 1484 sorores
1027 1422 1219 1483 distribuere
1232 1427 1376 1490 conatus,
1389 1436 1477 1481 nunc

305 1524 480 1587 orchestrae
502 1522 643 1601 integras
668 1521 810 1584 restituit
821 1520 846 1597 ²,
867 1520 1049 1581 scholiastae
1075 1526 1108 1583 et
1130 1520 1275 1582 omnium
1294 1519 1363 1580 lere
1376 1519 1474 1579 inter·

304 1628 432 1699 prelum
453 1620 634 1683 auctoritati
658 1618 800 1681 confisus
825 1636 895 1697 ego,
908 1618 1007 1681 choro
1030 1619 1243 1680 reservandos
1260 1633 1394 1692 censeo;
1416 1617 1475 1678 sed

303 1718 462 1780 dimidiari
480 1719 595 1795 placet,
610 1717 763 1797 quoniam
781 1716 960 1777 dimidiatio
974 1716 1061 1776 haud
1072 1715 1232 1793 ambiguis
1246 1714 1473 1776 alternantium

303 1816 462 1890 indicils³,
480 1821 512 1877 et
526 1808 780 1892 copulativ'arum
799 1810 1030 1890 particularum
1042 1811 1203 1874 vacuitate
1213 1812 1235 1884 ‘‚
1253 1819 1285 1874 et
1299 1811 1474 1888 interiectis

303 1912 397 1973 etiam
411 1912 599 1991 logaoedicis
612 1911 850 1973 trochaicarum
868 1911 1108 1988 strophularum
1126 1910 1278 1992 clausulis
1291 1908 1437 1969 firmatur
1447 1907 1470 1968 ⁸.

293 1995 437 2083 «Quando
456 2016 565 2072 autem
584 2001 733 2070 duodena
747 2008 824 2069 iude
844 2014 1005 2070 commata
1023 2007 1190 2084 exsistunt,
1205 2005 1473 2070 duodenis'etiam

302 2107 465 2170 choreutis
486 2106 604 2167 viritim
628 2122 700 2167 esse
723 2105 1052 2167 committendarum
1076 2106 1185 2168 Mutflo
1201 2105 1354 2178 arbitror,
1379 2105 1473 2166 sicuti

201 2271 205 2278 ,
303 2197 613 2283 ριεειειθειεοὶθιιιιθ
637 2197 699 2265 est¹
710 2219 854 2265 eommos
872 2208 906 2265 et
924 2203 1058 2266 threnos
1076 2204 1142 2266 nou
1160 2204 1334 2265 multarum
1356 2219 1473 2264 vocum

258 2340 260 2343 -
302 2292 508 2376 eonsensum,
525 2303 583 2363 sed
601 2296 779 2378 singularis
791 2300 994 2379 potissimum
1008 2302 1128 2363 doloris
1140 2301 1280 2380 impetus
1294 2300 1470 2378 reciperet

300 2401 370 2461 Jam
384 2416 471 2471 vero,
486 2399 563 2477 quia
576 2392 834 2461 ¹consentaneum
846 2398 1237 2477 est'stropharum'partes
1251 2399 1292 2460 ab
1305 2400 1473 2475 utriusque

301 2495 492 2558 hemiehorii
515 2496 683 2557 choreutis
706 2496 860 2573 deinceps
877 2495 1086 2575 vicissimque
1104 2497 1236 2569 cantari,
1258 2502 1291 2557 et
1313 2497 1367 2574 qui
1389 2502 1474 2557 exte-

301 2592 439 2656 rioribus
454 2594 544 2656 chori
559 2593 726 2655 ordinibus
745 2592 1001 2656 annumerentur
1016 2594 1156 2675 ideoque
1168 2594 1361 2674 insigniores
1375 2592 1470 2667 sint⁷,

300 2709 357 2753 eos
376 2693 496 2770 majore
514 2693 612 2753 simul
633 2693 669 2754 et‘
687 2692 866 2754 difficiliora
886 2693 1003 2754 melica
1022 2694 1193 2769 sustinere,
1215 2695 1249 2754 in
1267 2693 1355 2754 hunc
1373 2701 1472 2772 prope

300 2789 600 2852 modummulieres
619 2795 773 2853 canentes
787 2791 988 2852 inducam.
956 2809 963 2822 ·
985 2792 987 2795 ’

689 2999 877 3079 Stropha'
848 3027 866 3062 α
932 2954 950 3022 ἡ
1012 2947 1038 3009 θ’

286 3679 293 3684 -
306 3653 352 3700 -.4
366 3650 404 3700 Cl'.
421 3650 493 3700 enirn
509 3651 538 3701 lor
551 3651 582 3703 lau
595 3652 736 3717 δυσφροιες
750 3653 957 3718 φίλωναπιστοι..
961 3651 1055 3706 cum
1049 3677 1078 3706 ιω
1093 3657 1123 3707 4ω
1133 3656 1255 3721 δωματων
1267 3656 1485 3721 ἑρειψιτοιχοι...,,

285 3749 328 3765 ·-
343 3725 436 3784 ἑλόντες
452 3736 512 3773 cum
526 3718 673 3784 ἰδόιιτες,-Ι
641 3724 734 3776 -σὺν
747 3721 828 3795 αἰχμᾷ
842 3740 902 3775 cum
918 3726 963 3778 σὺν
978 3727 1083 3793 σιδάρῳ.

284 3819 288 3826 -
328 3795 354 3842 2.
370 3792 429 3844 Vid.
440 3793 551 3856 Septem
568 3794 612 3844 ed.
629 3797 725 3849 lsstlel
738 3795 781 3845 ed
789 3798 864 3846 4884.
879 3796 1062 3849 Krrehholsrus
1074 3812 1189 3863 priorem
1200 3797 1290 3850 Werlu
1304 3796 1464 3848 divisionem

284 3878 374 3913 'suam
392 3864 590 3928 lecit(Saptem,
608 3866 651 3916 ed.
668 3868 760 3930 4889)..
1338 3909 1344 3914 .

330 3935 494 3990 &ditarentur
509 3937 617 4001 λέγεις..
632 3938 753 4000 (,89.5)

257 4039 258 4042 ,
283 4034 286 4039 -
324 4007 351 4054 4.
365 4006 467 4057 thur.
473 4007 547 4068 895,
551 4010 606 4069 944,
624 4010 678 4070 945,
694 4011 749 4071 922,
767 4011 822 4070 944,
838 4012 893 4071 944,
908 3987 962 4062 954.

239 4119 244 4122 Α
327 4077 423 4127 hvid
437 4093 461 4126 v.
468 4079 533 4139 894,
548 4081 609 4139 996;
626 4081 680 4141 934,
697 4082 751 4130 959.

282 4185 289 4206 ,
326 4149 402 4198 obe
417 4148 505 4198 threni
519 4149 603 4211 lyrico
618 4164 745 4202 sermone
764 4151 828 4201 vide
847 4153 993 4207 Wssrrnnu
1006 4154 1087 4218 (Prot
1102 4170 1135 4204 zu
1154 4155 1261 4206 AEsch...
1265 4169 1318 4217 ‚p.
1342 4155 1405 4219 444),
1420 4157 1466 4219 qui
1524 4208 1527 4211 .

295 4218 428 4280 praecipue
452 4220 599 4270 illustrat«
620 4220 666 4283 Fig
670 4234 736 4274 uren
763 4222 810 4272 der
832 4222 1006 4288 Anadlplose‚
1027 4225 1075 4276 des
1096 4225 1186 4276 Wort·
1189 4225 1397 4289 Parallelismus,
1420 4226 1468 4278 der

297 4289 367 4338 Sata·
357 4290 626 4352 ·uuterbrechung».

328 4363 353 4409 4.
371 4360 431 4411 Vid.
446 4360 638 4425 Sonnmrnnm,
651 4362 776 4422 Scantcu,
791 4377 817 4426 p.
829 4365 882 4414 5-9.

1623 4214 1635 4244 d
