3284 5200
668 430 841 499 ·--'oc---

207 572 276 634 lam
299 588 376 634 vero
400 572 441 633 de
462 570 605 633 secundo
628 568 772 647 stasimo,
795 587 904 648 spero,
922 586 988 644 non
1007 570 1200 649 ambigetur.
1223 573 1366 637 sectio·-

167 685 253 731 nem.
265 670 382 748 refugit
397 667 537 747 lyricum
551 669 702 730 carminis
720 675 962 747 argumentum,
979 667 1035 730 ubi
1055 669 1242 732 mortalium
1257 672 1344 735 cala-

167 768 294 829 mitates
315 774 500 845 tanguntur,
520 766 547 827 si
571 768 659 846 quis,
682 768 804 835 aversis
827 766 958 836 aeternis
983 766 1104 844 quibus
1124 775 1257 846 regatur
1281 753 1347 830 vita

166 865 372 944 praescriptis,
393 865 528 943 impu'ne
545 870 652 944 queat
657 864 795 941 justitiae
814 879 904 925 aram
922 870 1097 940 proterere,
1123 871 1157 927 et
1174 874 1345 943 parentum

167 964 395 1025 verecundiam
414 963 613 1041 proculcare.
640 963 694 1023 Est
717 962 770 1023 hic
796 963 888 1023 locus
912 968 945 1024 et
966 962 1006 1022 ad
1027 962 1193 1024 theatralis
1216 981 1344 1042 pompae

168 1062 415 1123 ostentationem
438 1060 645 1138 aptissimum
662 1056 708 1122 m
737 1060 846 1121 divina
868 1060 934 1136 illa,
962 1059 1144 1137 exquibus
1169 1063 1284 1123 mnndi
1313 1072 1345 1125 et

168 1176 276 1221 rerum
297 1158 512 1221 humanarum
542 1155 620 1226 ordo
643 1164 781 1239 constet,
808 1174 874 1219 non
904 1158 1076 1235 malignius
1106 1159 1241 1220 a‘chori
1268 1178 1343 1237 par·

167 1256 253 1317 tibus
277 1257 334 1318 sed
361 1254 529 1333 magnifice
555 1255 776 1315 aoanentium
800 1254 902 1314 solido
927 1248 1130 1332 proclamari.
1155 1255 1236 1320 Cum
1257 1273 1342 1334 prae-

169 1358 256 1415 terea
279 1354 339 1415 sub
363 1352 598 1431 judiceadhuc
620 1352 663 1427 lis¹
679 1351 730 1426 sit,
746 1368 854 1429 neque
872 1368 1004 1429 prorsus
1022 1352 1157 1413 timeant
1176 1353 1282 1415 Furiae
1300 1372 1342 1417 ne

166 1452 214 1513 rei
235 1436 397 1512 absolutio
420 1450 554 1520 accidat,
578 1450 606 1509 is
628 1450 745 1510 theatri
766 1450 907 1521 habitus,
923 1466 961 1509 ea
984 1466 1093 1511 scenae
1106 1450 1240 1527 'placida
1263 1468 1341 1513 con·

167 1548 251 1609 dicio
278 1554 328 1609 est
348 1565 423 1625 quae
445 1546 704 1609 orchestici'ludi
729 1547 853 1607 cultum
877 1562 1006 1607 omnem
1028 1546 1172 1624 recipiat.
1187 1547 1341 1609 Nostmm

167 1646 273 1722 itaque
295 1661 426 1706 carmen
446 1642 564 1705 horum
585 1644 691 1705 simile
710 1644 770 1705 erit
789 1643 947 1721 quaejam
967 1643 1000 1704 in
1022 1660 1216 1721 unaquaque
1234 1644 1342 1707 fabula

166 1742 303 1802 inserta.
317 1741 472 1817 vidimus,
494 1740 550 1801 ubi
574 1757 632 1818 per
656 1741 837 1817 argumenti
864 1740 1073 1817 tranquillum
1102 1741 1340 1821 affectuumque

166 1854 279 1915 pacem
301 1833 394 1907 vacat
417 1834 553 1899 chorum
577 1837 780 1898 individuum
805 1854 979 1916 usurpare3
1006 1845 1285 1915 quoornamento
1312 1842 1339 1901 si

165 1936 380 2005 Eumenidum
397 1934 537 1996 fabulam
553 1934 735 2007 defraudes
750 1935 935 2013 AEschyleae
947 1935 1026 1997 artis
1039 1936 1228 2006 modestiam
1243 1937 1340 2014 simul

164 2033 247 2095 etad
260 2034 370 2095 omnia
381 2035 607 2095 dexteritatem
620 2033 658 2099 in
670 2033 816 2095 deterius‘
828 2033 947 2094 trahas.

203 2132 273 2193 Jam
295 2150 314 2192 a
335 2132 453 2210 quibus
473 2130 598 2193 Orestae
617 2133 753 2209 quaestio
774 2138 962 2193 exerceatur
983 2131 1076 2193 facile
1092 2132 1335 2195 existimabitur.

166 2229 228 2292 Ubi
254 2230 447 2307 coryphaeus
468 2231 555 2307 quod
579 2230 695 2307 Apollo
714 2246 749 2290 se
767 2230 888 2307 judicio
907 2230 1119 2290 immiscuerit
1140 2231 1339 2307 conquestus

166 2334 215 2389 est
234 2324 369 2408 (stt-5),
385 2327 529 2389 Minerva
542 2327 658 2398 Furiis,
672 2333 826 2405 tanquam
845 2344 937 2388 reum
958 2326 1103 2388 Orestem
1118 2330 1335 2405 poscentibus,

164 2413 357 2503 potestatem
367 2425 520 2505 loquendi
531 2431 563 2487 et
572 2424 743 2486 accusandi
754 2424 838 2486 iacit.
852 2425 1031 2503 Statimque
1041 2424 1177 2503 singulae
1184 2426 1338 2503 iuvenem

164 2528 301 2602 arguunt
322 2530 357 2584 ut
378 2522 591 2598 matricidam,
608 2523 847 2602 duodeciesque
867 2524 1054 2602 loquuntur,
1074 2523 1101 2583 si
1122 2524 1202 2602 quid
1222 2542 1262 2585 ex.
1279 2524 1336 2598 tri-

163 2619 339 2684 metrorum
354 2622 560 2684 distinctione
572 2619 743 2700 (585-608),
756 2613 788 2683 et
802 2639 842 2684 ex
856 2622 958 2700 ipsius
972 2622 1136 2703 coryphaei
1148 2624 1256 2684 verbis
1270 2621 1336 2684 ool·

162 2717 262 2797 ligere
275 2719 360 2781 licet.
374 2719 571 2781 Praenuntiat
585 2719 672 2780 enim
688 2719 779 2780 chori
793 2720 944 2796 princeps
960 2737 1033 2782 sese
1048 2737 1172 2798 omnes,
1185 2721 1333 2798 quamvis

163 2817 273 2880 multae
287 2817 361 2895 sint,
377 2817 488 2878 ordine
506 2817 769 2895 interrogaturus,
787 2817 845 2878 sed
864 2834 1025 2895 perpauca
1046 2817 1145 2878 simul
1165 2818 1331 2907 dicturas:

321 3001 425 3064 πολλαὶ
440 3004 491 3083 μέν
506 3005 603 3083 ἐσμεν,
617 3002 735 3084 λέξομεν
750 3001 780 3064 δὲ
792 3008 935 3084 συντόμως
950 3003 1046 3084 (585).

163 3239 224 3312 Qut
241 3255 317 3301 vero
335 3239 397 3301 sub
415 3236 574 3300 vocabulo
593 3225 711 3294 πολλαὶ
729 3244 796 3300 tres
814 3237 929 3300 Furias
947 3243 1072 3298 tantum
1090 3237 1191 3299 latere
1210 3236 1332 3298 subau-

163 3337 315 3400 diendum
329 3337 381 3408 sit,
397 3336 584 3414 impotentis
598 3336 730 3398 rationis
744 3342 794 3398 est
808 3336 982 3414 minusque
997 3335 1152 3414 legitimae
1163 3335 1332 3413 scripturae
1396 3392 1398 3397 .

133 3507 134 3510 Ἴ
162 3434 375 3504 inservientis
393 3435 499 3508 Quare
520 3451 627 3512 neque
647 3441 714 3496 tres
737 3440 851 3513 quater
874 3433 1027 3510 deinceps
1045 3439 1178 3512 agentes
1199 3449 1333 3495 accusa·

161 3532 271 3610 tricae,
282 3532 376 3595 sicuti
390 3532 588 3610 Hartungio¹
603 3537 636 3593 et
651 3529 870 3594 Freericksic²
882 3533 1015 3608 placuit,
1023 3548 1129 3609 neque
1142 3533 1334 3610 quindenae,

161 3632 249 3708 quod
272 3617 434 3709 plerisque
456 3629 635 3692 editoribus
658 3629 759 3691 satius
781 3617 890 3690 vis'um
913 3635 974 3702 est,
990 3631 1048 3691 sed
1072 3630 1238 3692 duodenas
1257 3647 1334 3694 cum

163 3727 302 3789 Weilio³
342 3733 489 3790 statuam.
532 3727 721 3802 Quindecim
761 3727 865 3789 tuisse
904 3727 1075 3789 choreutas
1112 3728 1333 3790 trimetrorum

89 3849 92 3856 ·
160 3841 316 3912 numerus
330 3827 626 3904 sententiarumque
640 3825 825 3903 conjunctio
840 3841 906 3898 non
920 3826 1042 3886 sinunt.

163 3971 165 3980 .
201 3915 374 4001 Postquam
396 3924 588 4002 coryphaeus
611 3921 732 3990 crimen
757 3940 912 4000 exercens
936 3922 1083 3985 Orestem
1105 3924 1214 4001 iussit,
1238 3931 1334 4001 prout

162 4019 202 4083 ab
220 4037 412 4105 unaquaque
430 4021 634 4100 rogitaretur,
652 4021 774 4092 ordine,
785 4022 997 4100 respondere,
1013 4021 1095 4100 ipse,
1110 4027 1266 4102 tanquam
1288 4011 1335 4083 rei

194 4261 217 4309 l.
231 4260 320 4311 AEaclr.
340 4261 425 4326 Troy,
443 4262 585 4312 1853-1855.

158 4351 160 4356 ·
198 4331 222 4379 2.
237 4329 265 4381 l..
279 4345 314 4392 c,
326 4345 354 4394 p.
369 4333 408 4383 cl.

195 4402 218 4450 3.
235 4400 359 4468 Gliceph„
376 4402 419 4453 ed.
433 4403 503 4464 tcto,
518 4418 545 4467 p.
562 4405 601 4467 68,
615 4404 678 4456 adn.
693 4433 725 4443 -
739 4403 776 4456 Cf.
790 4396 938 4470 chxmm,
950 4396 1029 4459 Asci.
1046 4398 1102 4472 Ὁνζ,
1115 4398 1144 4471 ρζ
1157 4398 1211 4471 29'3,
1227 4400 1294 4459 adn.¹
