3284 5200
781 1505 936 1582 cxrur
966 1507 1014 1579 rr
1106 1479 1109 1486 “

715 1828 718 1833 ’
803 1852 989 1903 uuusumes

350 2148 464 2209 Statim
480 2148 521 2209 ad
535 2148 693 2225 reliquam
710 2148 961 2227 disputationem
977 2149 1129 2210 accedam
1142 2156 1175 2210 et
1192 2150 1484 2228 implicatissimum

308 2246 450 2309 ineuntis
464 2246 581 2307 fabulae
596 2263 727 2310 carmen
742 2246 775 2307 in
790 2246 1014 2326 disquisitione
1033 2264 1162 2325 ponam.
1178 2248 1322 2309 Primum
1337 2247 1483 2309 omnium

309 2360 362 2406 res
376 2344 504 2407 scenica
517 2345 669 2407 insolenti
688 2352 842 2423 apparatu
861 2345 1049 2406 illustratur.
1066 2345 1235 2406 Furiarum
1252 2346 1370 2424 globus
1387 2362 1482 2424 pros-

309 2441 425 2519 picitur
447 2442 481 2503 in
508 2442 663 2521 Delphico
688 2442 845 2520 Apollinis
874 2442 994 2521 templo
1022 2443 1250 2505 accubantium
1275 2443 1482 2505 obdormien-

307 2538 465 2617 dumque,
496 2540 574 2619 dum
603 2540 745 2615 Orestes,
771 2540 914 2618 gladium
943 2556 1039 2604 manu
1065 2558 1184 2619 gerens
1207 2546 1353 2604 materno
1375 2540 1482 2602 adhuc

308 2637 464 2714 sanguine
474 2639 663 2715 stillantem,
680 2639 820 2700 divinam
842 2645 980 2700 statuam
999 2644 1177 2716 prostratus
1195 2639 1480 2716 circumplectitur.

307 2735 454 2811 Vixdum,
467 2753 541 2814 quae
557 2743 606 2798 est
617 2737 764 2799 alacritas
778 2736 812 2797 in
828 2738 988 2808 venando,
1004 2736 1175 2814 fugitivum
1190 2753 1286 2813 agere
1300 2737 1482 2797 intermise-

307 2840 393 2910 runt,
415 2850 500 2908 cum,
521 2834 576 2896 ubi
599 2834 640 2895 ad
665 2835 788 2896 acriora
810 2835 1019 2920 consectandi
1045 2835 1151 2895 studia
1171 2835 1212 2894 ab
1233 2834 1478 2913 clytemnestrae

308 2931 456 2992 manibus
468 2931 645 3006 irritantur,
656 2932 722 3010 jam
737 2931 798 2992 sibi
815 2932 912 2993 etiam
927 2933 1103 3010 consopitae
1115 2933 1149 2993 in
1163 2932 1297 2992 somniis
1311 2930 1480 3009 parricidae

210 3062 219 3076 --
306 3030 426 3090 instare
451 3035 542 3107 tergo
568 3029 729 3105 videntur,
756 3029 848 3091 etin
873 3046 1040 3090 murmura
1060 3030 1281 3108 clamoresque
1307 3035 1481 3106 erumpunt

211 3191 213 3195 ,
307 3125 457 3208 (lla-26).
472 3127 629 3188 Subrauci
645 3127 793 3189 fremitus
811 3144 887 3189 mox
906 3128 1115 3190 crebrescunt
1127 3133 1160 3189 et
1177 3128 1216 3188 ab
1232 3127 1384 3188 universo
1398 3143 1481 3189 som·

308 3224 464 3285 uiantium
493 3219 592 3286 choro
614 3224 706 3302 quasi
729 3222 917 3286 antithetice
937 3224 1063 3286 cientur
1084 3223 1234 3305 (llam).
1257 3226 1338 3285 Tum
1365 3240 1396 3283 v.
1419 3223 1481 3285 130

309 3338 416 3399 neque
444 3321 604 3383 universis
631 3309 805 3395 abutentis,
834 3339 953 3401 neque,
978 3322 1073 3384 sicuti
1095 3323 1207 3383 maluit
1230 3323 1429 3400 Hartungius
1454 3323 1478 3399 ¹,

309 3418 413 3479 tribus
426 3421 551 3480 tantum
565 3419 680 3494 Furiis,
696 3420 755 3482 sed
769 3420 942 3498 coryphaeo
956 3421 1161 3482 concedetur.
1178 3420 1220 3483 Ut
1238 3420 1324 3482 enim
1343 3420 1384 3481 de
1401 3425 1481 3481 ster·

309 3517 446 3578 tentiam
460 3518 718 3595 ululantiumque
734 3525 895 3579 concentu
912 3519 1075 3593 eleganter
1093 3519 1235 3596 cogitare
1249 3519 1354 3590 liceat,
1369 3524 1480 3580 tamen

311 3630 411 3678 unum
425 3631 556 3691 versum
576 3602 712 3688 concidi,
728 3615 928 3694 frustulaque
949 3616 1062 3677 eadem
1081 3616 1165 3678 inter
1183 3617 1278 3678 binos
1298 3621 1481 3677 cantatores

310 3712 468 3787 distribui,
486 3713 613 3775 tertiam
628 3720 736 3776 autem
760 3714 1063 3792 absimillimamque
1082 3721 1206 3792 partem
1226 3714 1329 3776 tertiae
1349 3712 1480 3792 quoque

307 3827 454 3888 personae
469 3811 637 3888 impariter
656 3813 810 3890 delegari,
826 3813 959 3874 minime
975 3813 1010 3872 in
1028 3810 1155 3873 solitam
1174 3812 1479 3888 antistrophicornm

306 3909 542 3971 concinentiam
568 3911 715 3988 quadrat.
743 3911 881 3988 Propius
904 3927 981 3973 vero
1004 3910 1102 3972 fidem
1126 3917 1175 3972 est
1199 3927 1275 3972 eum
1298 3911 1479 3972 exclamare

305 4008 394 4070 chori
407 4009 525 4071 ducem
542 4010 596 4094 qui
611 4027 686 4072 mox
700 4011 825 4089 primus
844 4010 1097 4087 expergiscatur,
1115 4009 1314 4088 comitesque
1329 4025 1347 4070 e
1361 4023 1479 4070 somno

304 4107 455 4169 excitabit
475 4106 615 4189 (llo-ag
633 4110 677 4169 ita
697 4126 780 4169 unus
801 4114 835 4170 et
856 4109 943 4168 idem
968 4107 1132 4169 dormiens
1155 4108 1355 4186 vigilansque
1378 4106 1477 4166 choro

303 4206 442 4283 praeibit,
461 4214 493 4267 et
507 4205 557 4267 vel
574 4223 633 4283 per
647 4207 788 4284 quietem
804 4223 863 4268 sua
876 4207 985 4267 munia
999 4206 1174 4270 exercebit.

334 4415 357 4462 l.
372 4411 458 4462 AEaclr.
476 4415 562 4478 Trap,
575 4417 719 4466 lata-1855.
