3284 5200
803 449 963 513 ,ῃ-

300 582 388 661 quod
402 599 421 644 e
437 583 591 661 Delphico
610 584 732 664 templo
747 584 907 663 profectas
920 584 1102 646 venatrices
1114 583 1386 661 fugientiinstare
1400 582 1474 645 sine

298 696 399 754 mora,
421 687 454 743 et
472 682 542 743 sine
561 682 808 760 vestigationem
831 682 996 744 erroribus
1015 682 1281 761 discursibusque
1300 687 1472 744 cousenta-

297 795 395 840 neum
409 796 475 853 nou
490 786 550 841 est.
692 838 697 844 .

338 877 408 937 lam
426 877 689 955 alloeostropham
709 878 890 939 cautionem
911 878 1032 939 nos-75
1054 895 1120 939 non
1141 894 1204 956 pro·
1221 877 1376 938 arbitratu
1396 893 1474 940 meo

297 973 361 1037 sed
380 974 559 1035 secundum
582 991 752 1035 sensorum
774 982 923 1036 naturam
946 976 1096 1038 dividam.
1114 977 1219 1038 Filum
1240 981 1350 1037 autem
1372 974 1472 1036 istum

296 1072 510 1149 sequentibus
525 1077 650 1133 constat
664 1089 729 1133 non
748 1090 824 1134 eum
845 1074 954 1136 locum
969 1091 1042 1135 esse
1059 1074 1114 1153 qui
1134 1073 1339 1136 multifariam
1354 1073 1471 1133 distra-

300 1168 405 1229 hatur.
421 1168 491 1229 Bini
510 1169 597 1230 euim
612 1170 735 1247 priores
754 1188 869 1232 versus
886 1170 1006 1252 (255-6)
1025 1172 1117 1249 quasi
1132 1171 1274 1249 proodici
1291 1176 1378 1243 suut,
1394 1170 1472 1248 qnia

301 1283 365 1327 una
384 1267 550 1327 Furiarum
566 1284 693 1329 sorores
715 1270 901 1331 cohortatur
917 1276 953 1330 ut
972 1270 1116 1348 undique
1136 1268 1242 1331 oculis
1261 1268 1469 1346 prospiciant,

302 1364 565 1443 matricidamque
578 1366 763 1428 odorentur.
781 1368 845 1428 Sed
859 1385 879 1427 a
893 1385 924 1429 v.
939 1366 998 1428 257
1013 1366 1155 1430 comitur
1169 1366 1299 1428 Orestes
1312 1366 1470 1427 Minervae

293 1462 512 1524 simulacrum
535 1464 719 1541 amplexus3
744 1470 824 1525 tunc
845 1481 922 1526 vero
944 1464 977 1525 in
1001 1454 1240 1527 adolescentem
1263 1465 1334 1525 deae
1358 1469 1469 1539 ruunt,
1495 1467 1498 1472 '

299 1559 594 1638 gravissimumque
620 1578 803 1623 sermonem
827 1562 971 1637 habent,
991 1563 1085 1641 cujus
1106 1562 1221 1640 triplex
1244 1568 1471 1640 argumentum

297 1662 358 1717 est.
382 1657 526 1717 Primum
546 1659 631 1722 enim
658 1657 801 1739 (257-63)
826 1660 967 1720 clamant
989 1677 1054 1720 non
1078 1660 1187 1736 licere,
1210 1659 1237 1719 si
1259 1660 1332 1737 quis
1354 1676 1471 1737 perpe-

298 1755 371 1815 trati
396 1755 526 1823 sceleris
546 1756 703 1833 judicium
728 1757 837 1817 subire
859 1758 954 1832 velit3
970 1756 1090 1819 deinde
1106 1755 1226 1837 (noa-8)
1247 1755 1314 1817 vivi
1332 1756 1380 1817 rei
1398 1772 1472 1816 san-

297 1852 429 1929 guinem
444 1852 485 1913 ah
500 1852 712 1930 punitricibus
731 1854 799 1915 deis
820 1854 1034 1915 hauriendum
1054 1871 1127 1915 esse
1145 1860 1357 1919 utmaternae
1371 1853 1472 1914 caedis

299 1966 409 2026 paenas
441 1948 534 2024 luat;
564 1957 766 2027 postremum
795 1950 935 2031 (aea-75)
968 1959 1118 2029 oportere
1145 1952 1344 2033 facinorosus
1372 1952 1471 2013 homo

234 2044 236 2051 '
300 2053 481 2109 maceratus
506 2048 673 2125 dejiciatur
697 2050 737 2109 ad
766 2049 908 2121 Orcum,
939 2051 994 2127 qui
1020 2051 1122 2111 soleat
1148 2050 1258 2112 omnia
1284 2050 1470 2110 mortalium

300 2145 420 2207 nefaria
448 2145 557 2206 animo
585 2146 762 2207 inscribere
795 2148 924 2225 quoties
950 2148 1067 2226 aliquis
1097 2150 1131 2209 in
1158 2148 1318 2225 hospitem
1351 2153 1406 2208 aut
1436 2148 1471 2207 in

302 2250 453 2319 parentes
474 2244 649 2322 delinquat.
674 2244 812 2317 Verum,
836 2246 864 2305 si
887 2245 1040 2307 attentius
1062 2246 1228 2307 choricum
1252 2246 1338 2306 istud
1366 2245 1472 2307 consi·

301 2339 441 2415 derabis,
458 2343 618 2420 triplicem
637 2342 736 2406 istum
755 2344 986 2404 sententiarum
1003 2343 1156 2407 ,ordinem
1175 2343 1300 2405 videbis
1318 2360 1395 2404 cum
1413 2342 1469 2404 tri-

301 2438 433 2514 gemina
454 2446 630 2509 metrorum
654 2442 737 2501 serie
762 2440 946 2501 liberiorem
971 2441 1004 2499 iu
1028 2442 1161 2502 modum
1185 2457 1373 2518 congruere.
1397 2441 1470 2501 Non

299 2534 389 2614 ,quod
410 2536 596 2599 antithetica
615 2538 724 2600 omnia
748 2536 824 2616 sint,
841 2553 947 2616 neque
965 2539 1006 2600 ad
1024 2540 1231 2617 strophamm
1253 2538 1468 2617 antistropha·

301 2648 439 2711 rumque
458 2636 667 2712 compositam
690 2652 877 2698 mensuram
900 2637 1002 2715 redigi
1025 2638 1164 2715 possint,
1187 2637 1245 2697 sed
1265 2638 1349 2699 inest
1371 2637 1473 2698 laxior

300 2731 449 2809 quaedam
476 2726 702 2813 rhythmorum
727 2735 946 2812 congregatio,
969 2735 1139 2814 solutaque
1164 2736 1371 2813 periodorum
1400 2753 1471 2796 res·

263 2833 264 2838 ’
301 2829 425 2908 pousio,
442 2829 534 2891 itaut
549 2831 699 2908 primam,
715 2831 844 2893 tertiam
859 2837 1071 2910 quartamque
1086 2833 1199 2909 sedem
1213 2831 1312 2892 iambi
1324 2832 1470 2906 teneant,

300 2927 358 2989 sed
381 2944 400 2988 a
418 2929 561 2989 secunda
579 2934 612 2990 et
633 2947 652 2988 a
671 2929 780 3006 quinta
800 2930 937 3008 paeonici
959 2930 1205 3007 dochmiacique
1225 2931 1351 2991 numeri
1371 2931 1470 2991 dece-

299 3025 377 3087 dere
392 3026 506 3087 nolint.
530 3027 613 3088 Hiuc
631 3027 730 3105 igitur
749 3027 822 3088 haec
838 3044 1050 3105 personarum
1072 3028 1184 3088 munia
1201 3028 1289 3089 haud
1307 3024 1471 3096 immerito

298 3123 506 3202 descripseris
518 3139 526 3183 ε
537 3141 568 3185 ν.
580 3124 682 3200 255-6,
696 3131 731 3186 nt
743 3126 873 3187 ducenti
887 3132 919 3186 et
927 3126 1064 3203 iubenti,
1077 3125 1254 3204 coryphaeo
1264 3141 1353 3187 curae
1364 3118 1469 3199 urunt,

300 3226 333 3282 et
352 3222 464 3297 proodi
485 3222 556 3282 loco
575 3222 783 3300 putabuntur.
806 3223 953 3284 Primum
977 3240 1105 3284 comma
1122 3225 1163 3285 ad
1185 3241 1282 3284 unam
1301 3225 1472 3286 Furiarum

301 3317 485 3399 pertinebit,
501 3319 692 3403 alterumad
710 3320 859 3396 alteram3
875 3327 1054 3382 extremum
1069 3328 1190 3398 autem,
1205 3322 1261 3383 ubi
1279 3323 1321 3383 de
1340 3323 1424 3384 Orco
1438 3328 1472 3384 et

298 3416 462 3476 scelerum
477 3417 580 3494 paenis
599 3423 631 3478 et
650 3418 689 3478 de
708 3417 924 3478 humanarum
939 3435 1050 3480 rerum
1067 3419 1198 3480 aeternis
1211 3420 1338 3497 legibus
1352 3421 1469 3498 agitur,

302 3513 475 3590 coryphaeo
495 3515 790 3588 commendabitur,
817 3515 907 3576 velut
933 3516 1039 3577 solent
1068 3518 1101 3576 in
1129 3523 1297 3578 ternorum
1319 3519 1471 3578 ordinum

301 3607 435 3677 ilicibus,
451 3610 678 3672 aristerostatae
698 3611 881 3688 saepissime
900 3612 941 3672 ad
962 3611 1114 3674 ultimum
1133 3630 1259 3675 canere.
1276 3615 1342 3675 Etsi
1363 3621 1473 3676 tamen

301 3706 473 3785 singularis
489 3714 602 3769 cautus
616 3710 779 3779 statuitur,
789 3709 852 3771 hoc
865 3717 898 3771 te
913 3711 1103 3772 meminisse
1116 3711 1213 3772 velim
1228 3712 1343 3773 Furias
1357 3729 1473 3775 omues

299 3804 333 3864 in
347 3806 507 3883 templum
524 3807 662 3884 sparsim
680 3807 815 3881 irruere,
833 3813 1024 3885 ceterasque
1040 3808 1106 3869 huc
1123 3808 1201 3869 illuc
1219 3811 1306 3870 circa
1323 3810 1472 3900 Orestem

299 3921 359 3988 per
372 3912 537 3973 silentium
556 3913 747 3986 discursare,
764 3919 797 3974 et
814 3913 936 3974 vastius
955 3905 1034 3971 κατὰ
1052 3905 1201 3997 calpon<
1219 3916 1371 3989 ordinari,
1393 3916 1473 3976 dum

298 4010 450 4088 princeps
474 4010 630 4090 cujusque
654 4011 775 4072 ordinis
798 4013 976 4089 asperrime
1001 4013 1184 4091 supplicem
1210 4014 1393 4092 compellet.
1421 4013 1474 4076 Sic

302 4108 399 4186 igitur·
413 4097 570 4170 numerus
584 4109 752 4170 Furiarum
767 4107 931 4186 legitimus
945 4111 1148 4188 insigniatur,
1157 4118 1189 4173 et
1202 4129 1240 4173 ea
1253 4112 1314 4172 erit
1328 4111 1473 4173 omniurn

302 4205 471 4268 instructio
495 4223 569 4285 quae
588 4207 653 4284 jam
677 4206 811 4268 liberius
836 4207 870 4267 iu
895 4226 925 4269 v.
949 4207 1061 4285 143-77
1085 4216 1192 4288 coepta
1214 4216 1275 4286 est,
1298 4217 1330 4271 et
1352 4210 1473 4272 rectius

301 4303 489 4381 certiusque
502 4303 535 4364 in
548 4321 579 4364 v.
594 4303 710 4365 eat-80
723 4304 840 4366 iterum
854 4306 1082 4384 conspicietur.

343 4399 418 4472 Sed,
435 4401 582 4479 quamvis
601 4401 632 4461 in
649 4395 882 4464 Eumenidibus
897 4403 1089 4466 melicornm
1104 4405 1293 4481 compositio
1309 4405 1472 4485 praecipue
