3284 5200
173 581 237 664 87),
258 598 361 661 eaque
383 575 467 643 inter
483 580 626 661 reliquos
645 576 797 659 quattuor
815 587 1068 660 protostaterum
1088 584 1261 645 choreutas
1279 585 1345 646 dis·

174 685 289 759 pensat
312 678 364 757 (ex
388 679 559 759 quindenis
583 679 670 740 enim
694 679 827 741 senibus
850 680 998 742 chorum·
1015 679 1194 761 constituit)
1219 687 1347 745 tacente

178 778 264 869 μέσῳ
283 774 462 867 ἀριστεροῦ,
478 785 531 847 cui
550 793 725 863 sequentes
744 784 1052 868 11111111111188508)
1070 786 1309 849 mandabuntur
1324 788 1346 849 ¹.

216 884 280 946 Sed
297 900 357 962 ego
377 884 413 945 O.
439 884 593 945 Muellcro
613 884 770 945 assentior
781 884 850 968 qui,
870 884 1019 962 quamvis
1033 885 1260 947 commaticam
1275 903 1349 949 esse

176 982 318 1059 epodum
334 982 493 1059 opinetur,
509 989 620 1043 tamen
634 987 700 1043 tres
713 988 841 1067 tantum
856 989 964 1059 partes
977 983 1130 1043 discernit
1144 982 1167 1044 ².
1186 984 1246 1055 Qui
1261 984 1349 1045 enim

153 1072 195 1139 *a
211 1079 377 1140 subtiliore
397 1079 561 1157 proposito
582 1078 719 1155 digredi,
740 1085 773 1141 et
795 1080 846 1139 vel
866 1079 988 1140 cursim
1005 1096 1036 1139 v.
1050 1079 1168 1140 183-87
1183 1081 1349 1159 perlegere

175 1176 324 1253 voluerit,
341 1192 416 1237 eum
435 1193 504 1257 non
519 1175 608 1237 fallet
626 1176 818 1237 insecabiles
834 1193 905 1237 esse
924 1177 985 1237 bos
998 1193 1125 1250 versus,
1141 1177 1197 1238 ubi
1213 1195 1348 1256 carpan-

175 1279 228 1335 tur
252 1266 446 1336 incentiones
472 1274 512 1334 ad
536 1262 735 1334 credendum
768 1274 943 1334 mulierum
973 1274 1081 1335 enimi.
1106 1274 1218 1351 ltaque
1244 1281 1346 1337 ternae

174 1370 350 1447 particulae,
379 1372 641 1450 quandoquidem
664 1388 682 1430 e
705 1387 736 1429 v.
756 1369 817 1431 357
846 1371 965 1432 chorus
988 1372 1147 1451 tripertito
1171 1372 1347 1434 instructus

175 1474 294 1541 manet,
322 1485 387 1529 non
411 1468 473 1529 nisi
497 1454 696 1530 stoechorum
726 1468 941 1546 principibus,
970 1474 1027 1529 eut
1054 1468 1195 1546 cuipiam
1222 1470 1346 1532 stoecbo

174 1560 1348 1643 deferripossunt.Atqui,sistoechorumducesusurpebiS,videnenovis-

172 1645 258 1724 'sime
272 1664 450 1741 eademque
465 1663 605 1725 maxima
621 1663 715 1740 spodi
733 1663 838 1741 portin
854 1661 995 1744 (18887)
1011 1663 1147 1725 nimium
1165 1681 1241 1725 eum
1258 1664 1347 1726 chori

176 1761 351 1839 praesidem
377 1767 506 1839 gravet,
536 1761 588 1822 cui
619 1778 732 1822 rursus
756 1761 896 1838 proximi
923 1761 1182 1839 quattuordecim
1211 1762 1348 1824 trimetri

177 1864 272 1919 erunt
295 1859 481 1935 delegendi3
496 1858 522 1919 si
537 1864 649 1920 contra
666 1857 771 1919 tribus
789 1858 923 1921 stoechis
942 1858 1094 1936 deinceps
1113 1865 1215 1936 utere,
1232 1866 1350 1937 praeter

75 1983 78 1989 ·
176 1972 274 2033 quem
298 1956 474 2017 insolenter
497 1956 592 2017 istam
617 1956 780 2018 cholicam
805 1956 963 2017 rationem
986 1964 1192 2017 commentus
1216 1958 1291 2028 cris,
1318 1964 1350 2018 et

177 2053 312 2115 minime
326 2054 423 2113 simul
438 2070 513 2114 cum
533 2054 637 2131 epodo
656 2059 858 2115 cantatorum
877 2054 1059 2115 immutatio
1077 2054 1143 2131 fiet,
1156 2055 1293 2117 observa
1308 2072 1350 2117 ne

165 2152 282 2214 'denuo
296 2151 433 2213 nimium
452 2151 607 2214 sustineat
625 2168 706 2213 onus
725 2152 931 2231 coryphaeus,
945 2158 1099 2230 tanquam
1116 2154 1350 2213 aristerostetes

176 2256 209 2311 et
225 2249 453 2311 choreutarum
470 2250 620 2327 princeps
633 2249 684 2311 bis
703 2266 820 2311 canere
837 2256 979 2312 coactus.
996 2252 1064 2328 Ego
1078 2267 1155 2312 vero
1171 2250 1349 2328 inexplora-
1410 2309 1412 2312 .

150 2383 152 2387 -
175 2353 241 2408 tam
254 2347 339 2407 viam
356 2346 437 2434 inire
452 2363 517 2409 non
533 2347 696 2409 dubitabo.
712 2348 755 2408 Ut
773 2346 862 2408 enim
882 2356 920 2408 ex
940 2348 1041 2409 ternis
1058 2347 1204 2426 pertibus
1223 2354 1350 2410 constet

176 2444 305 2520 chorus,
322 2450 432 2506 tamen
449 2445 598 2506 ordinum
616 2444 736 2522 gradus
755 2451 1002 2523 conservantur,
1023 2450 1056 2506 et
1074 2446 1254 2522 praesertim
1273 2462 1348 2507 cnm

176 2542 366 2604 auctoritate
387 2548 457 2604 tum
476 2541 654 2603 orchestice
676 2542 811 2604 scientia
834 2548 1021 2620 protostetae
1045 2543 1163 2604 valent.
1191 2537 1348 2615 Quoniam

177 2648 286 2702 autem
296 2641 433 2719 quilibet
446 2641 590 2702 stoechus
600 2646 752 2717 quattuor
762 2647 888 2702 tantum
903 2658 999 2703 senes
1009 2636 1245 2720 complectitur,
1257 2642 1348 2703 terna

177 2739 270 2814 epodi
282 2744 444 2800 commate
454 2739 493 2799 ad
504 2737 647 2815 reliquos
657 2744 722 2798 tres
733 2738 876 2814 primarii
887 2739 1003 2800 stoecbi
1014 2744 1194 2801 cantatores
1205 2739 1346 2800 referen-
1418 2805 1421 2810 ,

177 2840 240 2908 tur,
258 2835 394 2896 trimetri
409 2826 518 2896 aute'm
533 2835 707 2914 coryphaeo
726 2835 987 2898 reservabuntur.
1005 2837 1128 2915 ltaque,
1145 2854 1210 2914 quo
1225 2835 1348 2899 facilius

175 2949 216 3022 ex
227 2949 322 3012 aequo
330 2938 530 3026 temperetur
540 2949 658 2994 vocum
668 2932 902 3010 concordia‚sic
912 2934 1131 3011 portiunculas
1140 2934 1344 2994 distribuam:

553 3101 741 3162 Protostatae
760 3106 775 3161 ὁ
796 3097 823 3160 δ’

416 3207 496 3290 πυρὸς
515 3207 587 3268 δ’ὑπ’
605 3207 758 3289 εὐαγγέλου
766 3253 894 3270 .......
914 3207 972 3268 ἐστι’
982 3232 1021 3288 πῃ
1034 3205 1125 3291 didos.

755 3303 820 3365 ὅσι’

219 3402 347 3480 Epodus
412 3402 452 3472 τίς
464 3393 516 3463 dte
529 3404 893 3488 Ι1111ἰδνὸς..........’...
912 3404 996 3482 λόγου
1010 3407 1127 3482 καμεῖν;

581 3486 584 3490 ’
634 3503 642 3510 ”
753 3499 815 3580 ὅγ’
879 3499 1087 3580 (Parastetes)

413 3583 539 3679 γυναιὲιδς
552 3601 643 3686 ἀἰχμᾷ
655 3643 762 3659 ......
776 3629 781 3656 2
796 3644 882 3659 .....
903 3596 1018 3658 ὄλλυται
1032 3590 1123 3666 κλέος.
1211 3633 1214 3641 ¹

210 3765 231 3813 l.
249 3764 351 3828 opusc.¹
367 3767 387 3814 t.
402 3729 456 3827 Vll,
474 3754 539 3814 Uber
555 3729 816 3815 luci-Recensionem
830 3779 878 3814 oon
894 3765 926 3814 K.
942 3765 971 3814 0.
982 3765 1089 3826 liciter,
1101 3779 1128 3830 p.
1144 3766 1227 3815 16-11.
1239 3737 1271 3801 ζ
1281 3767 1345 3815 Her-

170 3835 496 3897 ·m'unuum'ccmprobnnt
509 3835 665 3885 ilinoldtins
676 3837 738 3898 (Der
749 3835 816 3886 Giton
825 3835 859 3885 d:
867 3837 1008 3900 Apum.‚p.
1017 3838 1044 3884 11
1057 3837 1116 3900 sqq)
1128 3841 1154 3885 et
1165 3835 1344 3888 Schneidewi-

172 3905 238 3955 nius
249 3906 373 3970 [(llpom.‚
384 3906 426 3955 ed.
438 3907 517 3971 1883).
528 3909 561 3943 -“
569 3907 701 3968 Quattuor
711 3921 820 3970 otioque
831 3908 953 3968 Engerus
964 3908 1099 3956 commata
1111 3907 1223 3970 conjicit
1232 3906 1346 3968 (Apum,

178 3975 231 4038 ed,
245 3991 270 4039 p.
286 3978 324 4035 33,
339 3977 421 4040 edm),
435 3977 482 4028 sed
498 3979 545 4040 qui
563 3979 618 4026 sint
635 3977 733 4041 singuli
749 3977 886 4027 choreutae
901 3979 927 4026 iu
943 3975 1071 4039 umblguo
1087 3977 1233 4039 relinquit}
1253 3977 1346 4027 Weck·
1431 4023 1435 4030 .

178 4045 265 4096 lin'lus·
281 4051 409 4110 praetereu
425 4045 518 4112 (Flecte.
532 4061 596 4098 neue
615 4047 718 4110 latro,
732 4038 803 4108 1883,
820 4049 860 4099 13“
875 4047 1158 4112 Supplement-bunde,
1179 4062 1214 4111 p..
1225 4049 1271 4096 215
1288 4061 1346 4110 sqq.
1442 4065 1445 4069 ·

175 4115 284 4168 -Vide
299 4119 380 4168 etium
395 4119 498 4181 Apum„
513 4118 557 4168 ed.
574 4119 645 4183 1888)
657 4123 747 4169 utrum
764 4120 936 4182 coryphaeum
959 4118 1093 4181 binosque
1112 4118 1172 4181 ejus
1190 4122 1348 4181 parastatae,

175 4202 209 4257 uu
220 4189 262 4238 bis
272 4188 501 4240 hemichoriorum
514 4189 758 4252 principesstetuet
768 4190 911 4239 immutate
920 4196 1084 4239 commatum
1097 4189 1239 4248 divisione,
1249 4198 1348 4251 anceps

170 4258 354 4320 ,manetouid
363 4259 479 4324 ‘posteat
492 4260 605 4310 Keckius
616 4259 645 4324 (t
661 4273 693 4322 c,
705 4275 730 4323 p.
742 4260 824 4324 291)’«
840 4261 884 4310 ein
896 4261 1092 4311 Poimen-teum
1105 4260 1189 4310 durch
1206 4260 1250 4309 die
1268 4260 1351 4311 Chor-

176 4329 267 4381 reiben
279 4347 291 4376 1
304 4325 446 4394 excogitat,
462 4330 632 4394 epodumque
648 4331 718 4382 inter
736 4331 877 4381 duodenos
892 4331 1035 4381 choreutns
1051 4331 1152 4381 viritim
1166 4331 1313 4381 distribuit.

205 4403 228 4450 2.
247 4401 495 4466 Gdttin9·Gelebr¹t.,
512 4404 580 4464 1831,
596 4416 623 4451 n.
639 4403 755 4452 1982199.
1089 4411 1092 4414 ’
