3284 5200
643 463 824 526 ...49-

160 607 168 629 ”
194 596 265 658 lam
285 610 362 658 vero
385 595 426 657 de
452 595 632 673 insequenti
656 595 786 659 chorico
811 581 1107 677 (720-91)‚sn'emini
1130 597 1265 660 dubium
1288 601 1330 663 sit

154 695 234 774 quin
256 689 419 756 universo·
435 693 533 755 choro
560 693 601 754 sit
623 694 886 772 relinquendum.
917 695 1058 757 Tametsi
1086 695 1173 757 enim
1198 703 1327 776 terpan-

69 855 71 859 ,
154 792 241 854 drica
256 809 330 871 quae
344 787 445 853 fertur
461 791 586 853 ratione
605 807 670 852 non
695 791 866 870 subigitur,
885 793 970 854 inest
989 793 1066 855 huic
1085 794 1217 855 stasimo
1231 795 1327 873 liqui-

154 891 232 952 dum
254 875 375 967 aliquid
391 889 480 968 quod
499 888 673 966 strophicis
693 889 870 951 intervallis
888 891 1146 967 superfunditur.
1172 891 1257 964 Quid
1278 898 1329 955 est

153 988 250 1066 igitur
269 1004 327 1050 cur
346 987 571 1066 maligniorem
596 987 735 1065 partium
760 987 1018 1066 responsionem,
1044 988 1328 1069 diversitatemque

152 1087 338 1148 canentium
352 1086 537 1164 conjectes‘.l
552 1085 615 1158 Qui
635 1092 669 1146 tu
684 1085 920 1164 antistropham
935 1087 1113 1148 secundam
1128 1086 1328 1150 hemichorio

158 1183 203 1270 β’,
219 1194 385 1271 stropham
399 1200 480 1253 vero¹
491 1183 618 1253 tertiam
633 1192 833 1253 hemichorio
849 1189 879 1246 α’
889 1192 1022 1255 credere
1029 1195 1150 1255 audeas
1157 1193 1328 1256 indissolu-

155 1291 212 1352 bili
230 1291 316 1353 nodo
335 1279 519 1367 colligatas?
537 1290 628 1362 Quod
643 1291 669 1350 si
691 1290 883 1352 hemiohorii
902 1288 935 1376 β’
959 1297 1091 1353 cantum
1113 1292 1327 1372 continuabis

157 1375 457 1466 de'AEschyle'orum
473 1386 676 1449 chorioorum
695 1387 767 1465 lege
788 1388 936 1450 nonnihil
953 1388 1134 1468 derogabis,
1150 1396 1182 1450 et
1196 1391 1328 1453 orches·

106 1475 111 1481 ’
156 1487 218 1548 tica
232 1487 407 1548 ratio'nutu
417 1492 473 1547 tuo
488 1492 629 1561 regetur.
648 1485 704 1546 Sin
716 1493 826 1547 autem
838 1486 1068 1548 choreutarum
1082 1504 1212 1548 summa
1224 1495 1328 1567 utere,

157 1585 326 1646 Stasimum
345 1589 493 1645 nostrum
509 1589 541 1645 et
562 1583 767 1660 stropharum
786 1583 879 1660 copia
901 1591 933 1645 et
952 1586 1186 1646 sententiarum
1209 1593 1328 1648 metro-

157 1699 296 1761 rumque
306 1681 395 1768 molli
407 1681 600 1759 profluentia
613 1681 653 1741 iis
668 1680 804 1742 ohorieis
817 1681 988 1742 consimile
1004 1682 1119 1745 evadet
1136 1699 1211 1760 quae
1218 1684 1284 1761 Jam
1296 1684 1330 1746 in

94 1773 97 1778 ’
157 1780 263 1842 Persis
275 1776 414 1859 (65-139)
427 1786 459 1840 et
468 1779 502 1840 in
512 1777 1006 1859 supplicibus(ll-llo;‘524-99)
1017 1774 1214 1842 invenimus.
1226 1782 1330 1854 Quare

108 1863 110 1868 ¹
156 1878 242 1940 enim
255 1877 346 1938 istius
360 1877 449 1938 modi
468 1877 617 1938 cantione
631 1874 737 1938 fabula
752 1877 906 1938 Thebana
919 1893 1032 1939 carere
1046 1880 1159 1956 possit,
1173 1896 1227 1940 me
1241 1879 1329 1952 latet,

155 1965 335 2054 praesertim
350 1990 437 2052 cum,
453 1975 646 2052 comparatis
665 1975 869 2047 adversariis,
887 1982 920 2036 et
934 1976 1119 2037 constitutis
1139 1993 1213 2055 quae
1228 1993 1331 2055 oppu-

154 2073 317 2152 gnationis
331 2073 507 2134 necessitas
524 2072 655 2150 flagitet,
671 2073 878 2151 intercapedo
891 2072 948 2134 fiat
964 2074 1137 2135 mulierum
1153 2073 1329 2150 molestiae3

157 2172 244 2233 unde
258 2171 338 2232 adeo
358 2169 512 2254 deflagret
527 2169 617 2231 chori
635 2170 805 2247 trepidatio
825 2178 860 2232 ut
881 2188 969 2232 nunc
989 2172 1031 2233 ad
1049 2172 1333 2233 commemoranda

158 2268 330 2347 praeterita,
356 2275 389 2330 et
408 2268 588 2345 praesertim
608 2285 682 2346 quae
706 2268 843 2347 OEdipus
864 2269 898 2330 in
919 2269 1173 2332 exsecrationem
1193 2270 1332 2331 filiorum

159 2373 307 2444 precatus
333 2366 440 2439 fuerit,
463 2366 592 2427 animus
616 2372 786 2444 competat.
813 2366 897 2427 illud
923 2366 1021 2445 igitur
1044 2368 1206 2430 canticum
1230 2368 1270 2429 ab
1294 2367 1334 2429 iis

160 2463 292 2524 minime
307 2464 402 2524 distat
416 2463 472 2525 ubi
487 2463 638 2542 mythioae
654 2451 705 2526 vel
717 2464 880 2526 historicae
894 2481 947 2526 res
964 2472 1145 2539 narrantur,
1162 2465 1334 2545 dequibus

156 2562 222 2640 jam
236 2577 295 2641 pro
309 2561 488 2623 indubitato
502 2561 673 2636 habemus,
685 2567 815 2641 propter
825 2563 1016 2625 melicorum
1026 2563 1191 2626 scatebras
1205 2564 1335 2626 orches·

158 2668 292 2741 traeque
315 2663 528 2739 pacationem,
553 2661 647 2749 solidi
673 2662 765 2724 chori
790 2662 981 2739 dignitatem
1006 2663 1236 2742 lenitatemque
1261 2679 1333 2725 esse

160 2760 371 2838 usurpandas.

200 2856 323 2919 Deinde
332 2856 365 2917 in
378 2872 527 2919 sermone
541 2857 597 2941 qui
612 2863 662 2919 est
676 2856 767 2945 chori
783 2874 857 2919 cum
871 2861 1073 2937 speculatore
1088 2857 1260 2939 (teu-821),
1277 2858 1332 2921 tri-

159 2956 252 3017 metri
267 2971 345 3015 sane
360 2955 400 3016 ad
413 2956 622 3034 coryphaeum
636 2962 782 3034 spectant
795 2956 816 3015 ¹.

199 3050 1331 3143 Anapaesticumetiamsystema(822-31)‚quoconficiturepisodium¹,
1435 3105 1437 3108 .

162 3150 333 3229 coryphaeo
348 3150 557 3226 credendum,
573 3150 726 3227 quoniam
740 3152 770 3211 ei
786 3157 893 3228 partes
907 3152 991 3213 datae
1006 3157 1082 3233 sunt
1101 3158 1137 3212 ut
1151 3160 1333 3229 anapaestos

162 3248 295 3321 dictitet,
308 3254 339 3307 et
352 3254 508 3325 praeterea
520 3264 652 3309 neccsse
668 3254 717 3309 est
731 3266 807 3310 cum
824 3248 913 3310 solus
926 3249 1114 3311 recitatione
1127 3250 1332 3328 impediatur,

161 3352 231 3407 tum
246 3345 397 3406 mulieres
411 3346 552 3429 spatium
569 3352 698 3406 sumant
710 3347 750 3407 ad
764 3346 954 3409 instruenda
968 3344 1178 3421 hemichoria,
1191 3365 1334 3425 quorum

162 3459 263 3509 unum
278 3443 416 3525 Eteoclis
429 3442 537 3519 funuS,
553 3443 692 3504 alterum
706 3451 815 3505 autem
835 3444 995 3524 Polynicis
1014 3452 1263 3521 prosecuturum
1279 3447 1331 3511 sit.

165 3620 310 3717 uicisque
325 3638 480 3699 cadavera
494 3638 527 3698 in
541 3655 673 3700 scenam
688 3639 885 3717 adferantur,
902 3657 954 3713 ne,
971 3628 1075 3733 allatis
1090 3641 1227 3718 feretris,
1241 3641 1333 3703 inde·

163 3752 237 3797 cora
259 3737 380 3798 ferveat
402 3736 630 3797 choreutarum
649 3735 852 3798 discursatio.
873 3737 950 3799 Ideo
972 3755 1003 3799 v.
1023 3737 1145 3814 83245,
1168 3739 1252 3799 sicut
1267 3739 1334 3816 jam

162 3834 304 3896 Albertio
319 3832 330 3867 ³
343 3841 376 3895 et
389 3832 500 3895 Muffio
516 3833 525 3867 ⁴
540 3835 647 3911 potius
661 3834 730 3906 fuit,
745 3834 953 3909 hemichoriis
967 3835 1126 3913 relinquo
1193 3870 1211 3913 .·

194 4011 217 4057 l.
240 4007 305 4058 Sie
300 4021 356 4069 ipse
375 4006 492 4069 conJecit
510 4006 618 4057 Muffrus
636 4007 696 4067 (Der
717 4004 819 4055 Glor...
823 4020 875 4069 ,p
898 4007 998 4067 2021)
1019 4004 1219 4063 ileimsoethius
1241 4008 1336 4055 eontra

164 4088 296 4129 summam
309 4076 464 4127 canentium
482 4076 595 4125 distinet
607 4076 718 4139 (Beztr
722 4090 766 4139 p.
783 4077 832 4139 39).

195 4151 218 4197 2.
232 4147 275 4197 Sic
287 4161 396 4211 quoque
407 4151 573 4197 censuerunt
585 4146 751 4206 Arnoldlius,
760 4146 954 4208 Freericlrsius,
961 4144 1080 4206 Muffius,
1089 4148 1178 4195 elc.-
1189 4146 1227 4195 De
1238 4120 1334 4193 horum

163 4220 397 4282 hypermetrorum
413 4222 549 4269 structura
562 4217 624 4267 vide
641 4217 812 4279 Ktorzio
819 4220 925 4279 ,.ρ.44
989 4241 991 4244 -
1064 4259 1067 4266 ,

196 4292 219 4339 3.
230 4290 258 4338 i..
272 4304 294 4337 c.
298 4304 340 4351 ,p
357 4290 396 4337 27.
410 4290 489 4339 -De
501 4289 582 4350 hujus
595 4289 849 4353 autemconjectura
863 4292 963 4350 postv.
973 4290 1017 4337 845
1033 4288 1110 4338 binas
1125 4288 1337 4338 excidissestro-

166 4362 242 4425 phas,
252 4374 313 4409 cum
325 4360 454 4411 audacius
467 4361 627 4422 proferatur,
643 4359 778 4410 silendum
791 4360 929 4410 existimo.
1024 4400 1027 4405 .

198 4433 222 4480 4.
237 4432 291 4479 Der·
301 4429 414 4491 Chor...,
425 4444 451 4493 p.
468 4432 511 4479 22·
512 4432 551 4479 2³.

276 4520 384 4577 illrum.
784 4521 787 4526 ’
1179 4474 1195 4575 4
