3284 5200
694 430 856 494 45..

189 587 266 636 cum
286 571 331 632 ita
347 568 423 646 Sint,
440 572 489 629 est
507 582 607 644 quare
621 554 751 627 summa
759 565 990 630 choreutarum
1002 566 1086 629 inter
1099 567 1281 629 saltandum
1294 585 1360 632 non

188 669 363 750 pandatur,
383 665 536 745 quoniam
559 670 591 724 et
613 663 731 726 divinae
755 669 871 725 statuae
892 671 924 727 et
946 665 1017 743 ipse
1037 681 1094 727 rex
1113 666 1305 744 Argivorum
1326 669 1360 729 in

188 784 242 830 sce
252 784 293 828 na
307 769 487 826 versentur.
504 761 688 824 Cavendum
705 767 754 823 est
770 762 868 840 igitur
885 779 927 824 ne
948 760 1085 824 atr-406
1105 763 1230 841 integro
1247 765 1358 838 choro,

7 947 12 958 ι
109 935 110 941 .
189 864 286 928 sicuti
300 861 419 924 Weilio
436 860 566 940 placuit,
585 859 825 935 adscribantur;
842 860 1015 938 coryphaeo
1030 865 1138 922 autem
1156 861 1360 937 imputandos

190 979 276 1040 esse,
288 977 363 1041 quae
377 957 570 1021 Freericksii
579 957 685 1036 opinio
701 964 750 1018 est
760 955 780 1032 ¹,
791 965 845 1018 aut
855 958 994 1035 primum
1009 958 1140 1037 quidem
1155 959 1361 1037 stropharum

193 1077 250 1138 par
265 1059 416 1120 universo
432 1056 542 1130 choro,
558 1056 701 1134 reliquos
712 1071 789 1117 vero
807 1072 922 1120 versus
937 1055 1145 1118 hemichoriis
1159 1057 1359 1130 tribuendos,

193 1162 229 1218 ut
251 1155 387 1217 Krusius
406 1155 540 1230 mavult,
561 1152 709 1214 dehisce
728 1152 922 1230 conjecturis
941 1152 1104 1215 silendum
1127 1159 1216 1233 puto,
1235 1154 1311 1234 quia
1329 1159 1362 1216 et

140 1306 144 1314 .
192 1254 232 1317 ab
260 1252 441 1332 argumenti
465 1251 621 1330 gravitate
644 1257 677 1312 et
704 1268 723 1311 a
748 1251 951 1315 choricorum
975 1252 1117 1330 legitima
1144 1252 1361 1330 aequabilitate

193 1368 287 1430 aeque
305 1349 472 1414 dissident.
490 1349 625 1411 Carmen
644 1355 791 1410 nostrum
805 1349 1005 1410 stoechorum
1019 1350 1187 1428 proprium
1199 1367 1271 1412 esse
1285 1350 1361 1411 hinc

192 1450 297 1529 palam
311 1450 347 1510 fit
361 1449 447 1527 quod
461 1464 479 1508 e
494 1448 594 1510 ternis
606 1446 749 1508 articulis
759 1452 896 1524 constat,
908 1454 941 1509 et
953 1464 1099 1509 commus
1114 1455 1163 1512 est
1177 1449 1217 1509 ad
1230 1450 1361 1526 amplio-

193 1564 262 1610 rem
285 1547 460 1609 dicentium
478 1544 606 1607 turbam
627 1544 760 1605 minime
783 1550 920 1621 aptatus.
943 1545 1018 1606 lstic
1040 1552 1199 1624 praeterea
1218 1546 1358 1608 dochmii

195 1651 361 1724 praestant,
374 1661 466 1722 quos,
480 1643 561 1704 utin
574 1641 742 1703 affectibus
756 1641 1006 1719 potentissimos,
1022 1648 1155 1720 propter
1167 1642 1272 1721 ipsam
1283 1660 1359 1704 con·

191 1741 387 1811 citationem,
414 1756 591 1818 paucarum
618 1755 735 1801 vocum
762 1737 860 1806 fuisse
885 1756 952 1800 non
979 1739 1162 1818 ambigitur.
1192 1741 1359 1803 Postremo

191 1855 293 1902 unum
306 1838 363 1900 tibi
379 1836 481 1900 oculis
492 1839 683 1899 obversetur
695 1836 805 1912 velim,
821 1843 872 1898 ter
884 1837 901 1899 J
904 1837 973 1898 ovis
983 1837 1141 1915 iustitiam
1153 1838 1295 1900 invocari
1305 1843 1361 1900 aut

189 1938 270 1998 iram
289 1935 506 2008 averruncari‚
528 1952 614 2013 quae,
635 1935 663 1995 si
685 1935 825 1995 solidum
846 1935 979 2013 quidem
999 1935 1286 2010 chorum'statuaS,
1305 1935 1360 1997 lri-

193 2041 300 2114 geant,
321 2034 348 2095 si
369 2050 445 2095 vero
469 2033 559 2095 chori
582 2040 700 2112 parieS,
722 2033 755 2094 in
778 2050 848 2094 rem
869 2033 991 2110 optime
1014 2035 1184 2112 quadrent.
1206 2033 1362 2106 Quocirca

190 2121 301 2212 regem
320 2134 476 2212 quadrata
491 2130 653 2209 virginum
671 2130 879 2193 multitudine
891 2132 1084 2193 circumdari
1098 2131 1270 2210 tingamus
1286 2149 1361 2211 quae

193 2230 396 2293 dextrorsum
420 2228 707 2308 sinistrorsumque
730 2245 789 2307 per
809 2230 913 2290 scalas
933 2229 1159 2291 escenderunt.
1182 2229 1235 2291 Sic
1253 2237 1361 2292 autem

195 2327 365 2406 dispositas
378 2333 632 2390 consentaneum
647 2333 698 2389 est
712 2327 825 2388 ordine
839 2328 973 2405 precari,
987 2326 1216 2406 incipientibus
1228 2327 1362 2406 quibus·

192 2443 266 2489 cum
285 2426 476 2505 coryphaeus
489 2427 541 2500 sit,
556 2427 720 2487 etsensim
737 2426 959 2500 effervescere,
975 2432 1012 2488 ut
1026 2426 1145 2490 assolet
1161 2427 1196 2488 in
1211 2427 1357 2500 commis,

189 2526 268 2587 etin
282 2526 403 2603 spissos
418 2524 570 2586 clausulae
587 2523 754 2584 dochmios
768 2524 988 2588 exardescere.
1232 2589 1239 2593 ,

231 2623 311 2696 Quae
330 2623 510 2684 Danaidum
529 2622 695 2684 collocatio
716 2628 749 2682 et
766 2623 921 2684 maximas
937 2623 1189 2701 opportunitates
1203 2622 1310 2696 habet,
1327 2628 1360 2684 et

191 2720 367 2800 plurimum
394 2721 521 2798 proficit
548 2720 603 2781 ubi
632 2737 696 2798 quo
723 2727 816 2797 pacto
840 2722 924 2783 inter
951 2727 1104 2782 canentes
1127 2721 1360 2782 distribuantur

190 2835 223 2881 v.
236 2818 365 2881 ola-437
381 2818 548 2897 quaeritur.
560 2818 643 2879 Nam
655 2817 845 2880 brevissimo
860 2820 1007 2880 discursu
1021 2836 1103 2897 opus
1113 2825 1164 2881 est
1173 2826 1209 2881 ut
1218 2818 1361 2897 virgines

192 2916 270 2980 κατὰ
287 2913 368 3007 ζυγὰ
387 2926 590 3000 diducantur,
602 2924 678 2984 hinc
692 2931 788 3002 atque
802 2923 892 2985 illinc
903 2926 995 3002 juxta
1008 2941 1118 3002 regem
1129 2926 1317 2998 consistant,
1329 2930 1362 2985 et

195 3022 290 3085 binos
306 3023 435 3085 ordines
452 3022 485 3081 in
504 3022 707 3083 latitudinem
728 3021 880 3098 utrinque
902 3027 1150 3099 repraesentent,
1171 3021 1257 3090 binae
1278 3027 1360 3082 stro·

198 3120 333 3197 pharum
351 3120 438 3196 paria
455 3125 642 3180 cantaturae.
661 3119 853 3197 Singillatim
872 3125 905 3180 et
923 3119 1077 3196 deinceps
1094 3136 1173 3197 zyga
1188 3120 1228 3180 ad
1247 3133 1361 3197 preces

195 3210 339 3280 converti
357 3218 538 3295 argumenti
557 3223 671 3278 natura
690 3223 830 3278 ostentat
843 3218 865 3294 ²,
883 3233 959 3278 cum
976 3217 1129 3293 paeonicis
1146 3216 1359 3278 dochmiacis-

192 3331 256 3395 que
270 3315 413 3376 numeris
427 3316 576 3376 decurrat
590 3314 697 3376 minus
711 3315 751 3376 ad
762 3314 921 3393 gregatim
933 3314 1119 3376 canentium
1129 3332 1225 3377 vocas
1237 3331 1360 3376 accom-

194 3413 333 3473 modatis
344 3412 367 3490 ³,
378 3418 411 3473 et
424 3412 510 3474 idem
525 3421 617 3473 sonet
630 3413 734 3491 prima
743 3413 944 3491 antistropha
955 3431 1052 3492 quam
1062 3414 1205 3475 secunda
1214 3414 1356 3492 stropha,

191 3516 223 3572 et
240 3516 290 3571 ter
310 3510 350 3572 de
370 3517 465 3588 raptu
483 3517 607 3589 agatur,
622 3512 709 3589 quod
723 3512 854 3589 quidem
870 3528 935 3573 non
949 3512 1029 3572 nihil
1044 3512 1201 3574 molestiae
1215 3511 1357 3590 habebit,

149 3608 165 3689 j
188 3608 216 3670 si
230 3608 355 3686 integro
369 3609 468 3670 choro
482 3609 662 3671 secundum
679 3610 916 3671 Freerioksium
929 3610 941 3644 ⁴
953 3627 1032 3671 usus
1045 3609 1156 3673 fueris.

231 3703 379 3768 Trimetri
389 3706 535 3783 455-523,
545 3707 742 3785 ubicumque
753 3708 871 3785 puellae
883 3708 971 3787 loqui
982 3708 1143 3786 videntur,
1154 3708 1307 3768 nimirum
1319 3706 1360 3770 ad

200 3804 407 3881 coryphaeum
428 3811 584 3883 spectant.
598 3806 739 3868 Necesse
755 3813 804 3868 est
817 3806 906 3867 euim
917 3803 989 3868 ‘una
1003 3807 1119 3868 Danais
1136 3823 1195 3884 pro
1212 3805 1362 3868 omnibus

199 3902 360 3979 ambiguae
370 3902 687 3983 orationis-ambages
699 3904 802 3965 fusius
816 3905 954 3982 explicet
969 3903 1122 3985 (455-67),
1134 3911 1167 3966 et
1180 3904 1364 3981 regiajussa

197 3998 308 4091 perfici
323 4002 461 4079 nuntiet,
477 4019 551 4079 quae
565 4019 629 4064 non
644 4004 704 4063 nisi
720 4003 845 4065 cunctis
859 4002 956 4064 simul
971 4003 1046 4065 data
1060 4001 1178 4065 luerint
1190 3998 1361 4082 (aot-514).

218 4184 242 4307 ἓ.
253 4183 472 4315 ἓῐ.οῆΑιζΒε3ἕὲεη,
483 4255 521 4305 De
533 4270 618 4307 carm.
636 4256 721 4307 AEsch.
733 4270 750 4305 a
763 4261 834 4322 part.
850 4257 925 4307 chori
937 4258 1061 4316 cantatis,
1078 4271 1107 4320 p.
1127 4258 1166 4307 69.

217 4325 242 4445 Ξ.
256 4325 317 4444 ἵῑά.
334 4325 449 4448 Βωῖἕκ,
460 4327 496 4377 De
515 4327 632 4378 Versibus
645 4326 811 4387 dochmiacae,
829 4343 854 4392 p.
868 4331 907 4392 to,
916 4330 980 4381 adn.

235 4431 241 4443 .
278 4410 330 4459 .c.,
344 4412 371 4463 p.
419 4433 425 4446 .
502 4444 506 4451 .
