3284 5200
804 447 845 459 ..
865 412 906 476 48
928 445 974 458 -.

292 546 363 608 Jarn
377 546 612 610 hemiehorium
630 545 662 633 β’
678 563 787 611 nonne
806 547 905 609 taedio
926 563 1056 626 quoque
1074 564 1136 609 nos
1157 547 1276 611 afficiet
1299 566 1375 613 cum
1396 553 1485 615 haee:

292 661 402 724 supra,
418 646 451 707 in
466 645 570 724 prima
583 645 794 724 antistropha,
816 651 978 724 precatus

555 832 690 905 κεραυνοῦ
703 824 734 884 δὲ
745 845 786 883 νιν
802 821 882 904 βέλος
896 823 1039 905 ἐπισχέθοι
1054 820 1151 904 (453),
1238 866 1240 871 ·

294 1026 369 1073 mox
382 1010 418 1071 in
432 1009 526 1072 tertia
539 1009 739 1088 antistropha
752 1008 982 1071 molestissime
995 1009 1123 1086 adjiciet

555 1175 647 1254 βαλὼν
661 1175 728 1246 Ζεύς
742 1201 792 1258 σφε
810 1176 888 1238 κάνοι
903 1179 1024 1260 κεραυνῷ
1037 1176 1146 1258 (630)’1

334 1365 520 1426 Extremum
533 1370 583 1426 est
600 1363 699 1441 igitur
716 1370 751 1425 ut
770 1364 914 1426 stoeehos
929 1381 1133 1443 usurpemus,
1151 1381 1291 1443 quorum
1310 1384 1468 1432 numerus

294 1460 482 1539 ceteroquin
501 1479 576 1524 eum
597 1462 802 1539 stropharum
822 1462 906 1524 serie
924 1462 1091 1540 aptissime
1109 1463 1271 1526 convenit.
1294 1465 1366 1527 lam
1388 1483 1467 1530 vero
1551 1484 1554 1488 ·

293 1559 517 1622 simili'tenore
529 1559 656 1621 dicendi
671 1560 770 1622 hosee
784 1559 831 1621 uti
846 1560 892 1620 nil
904 1560 1034 1634 mirum,
1046 1576 1121 1622 cum
1136 1561 1252 1623 eodem
1265 1562 1332 1624 fere
1343 1569 1469 1628 terrore

292 1657 505 1721 conficiantur
524 1675 638 1720 ornnes
656 1656 886 1720 ehoreutarum
907 1656 1047 1733 ordines,
1068 1664 1104 1719 ut
1127 1675 1226 1736 supra
1245 1659 1400 1739 dictitavi,
1421 1669 1465 1739 et,

292 1773 358 1818 uno
381 1756 588 1834 impendente
607 1756 800 1834 oppugnatis
824 1755 931 1834 exitio,
953 1755 1117 1818 communi
1138 1756 1245 1818 animo
1267 1758 1467 1838 consilioque

292 1852 399 1915 futura
414 1852 597 1929 concipiant
611 1859 643 1914 et
657 1853 878 1914 reformident.
1079 1854 1081 1857 ’

330 1948 506 2027 Postquam
522 1948 670 2011 Eteocles
689 1966 806 2010 manus
824 1949 1009 2012 cumfratre
1023 1966 1197 2012 conserere
1210 1950 1394 2029 destinavit,
1410 1970 1468 2016 sex

291 2045 455 2108 trimetros
469 2045 584 2108 recitat
597 2045 789 2124 coryphaeus
798 2044 953 2127 (cll-82),
965 2052 1003 2108 ut
1011 2063 1122 2126 regern
1132 2047 1173 2109 ah
1183 2048 1282 2126 impio
1292 2051 1468 2113 certamine

222 2159 225 2164 ·
292 2143 466 2206 deterreat.
490 2143 553 2205 Sed
572 2143 691 2205 frustra
711 2143 862 2222 princeps
879 2144 970 2204 chori
988 2151 1101 2206 auctor
1118 2145 1156 2207 fit
1175 2149 1377 2209 avocandum
1396 2165 1468 2210 esse

271 2265 274 2268 ·
290 2241 469 2303 fraternum
482 2241 706 2319 parricidium3
717 2242 828 2320 itaque
838 2242 1034 2303 mulieresin
1046 2243 1301 2305 misericordiam
1313 2249 1478 2322 etpreees.

293 2355 333 2401 ex
360 2356 479 2418 pavore
505 2356 620 2412 versae,
636 2339 722 2418 regis
741 2340 886 2401 animum
905 2345 1075 2403 attrectare
1098 2346 1132 2404 et
1153 2340 1278 2404 mollire
1296 2348 1471 2421 eoneutur,

293 2451 523 2516 eommumque
545 2437 705 2514 incipiunt
726 2437 843 2499 eximia
865 2444 935 2500 arte
955 2438 1138 2501 confectum
1157 2437 1179 2513 ¹,
1204 2439 1466 2518 dochmiacisque

292 2534 436 2596 numeris
454 2533 689 2596 inflammatum
708 2533 880 2615 (686-708).
905 2536 996 2599 Istud
1017 2536 1183 2600 ehericum
1202 2553 1316 2600 rursus
1337 2537 1466 2603 Muiiius

293 2632 500 2695 hemichoriis
513 2632 694 2711 exposcit¹3
706 2635 765 2696 sed
779 2651 840 2712 ego
851 2652 1005 2713 zygorum
1017 2641 1147 2696 cantum
1158 2635 1329 2698 instituere
1343 2636 1465 2698 malim.

293 2730 387 2808 Nam,
396 2730 423 2791 si
432 2730 742 2794 selidahemieheria
755 2732 939 2811 concinent,
946 2749 1024 2794 cave
1038 2749 1080 2794 ne
1091 2732 1135 2793 ab
1144 2732 1319 2795 mulierum
1330 2740 1467 2796 venuste

294 2827 492 2891 ordinatione
511 2829 732 2909 quadrataque
753 2838 915 2893 concentu
934 2830 1114 2892 commatici
1132 2830 1273 2892 dochmii
1291 2829 1482 2913 abhorrere

293 2926 477 3013 videantur3
493 2928 543 2989 sin
555 2933 662 3011 autem
677 2928 952 3005 hemiehoriorum
964 2928 1137 3007 principes,
1152 2928 1225 2990 vide
1240 2945 1337 3007 quam
1354 2930 1467 2991 intem·

294 3026 417 3104 pestive
428 3026 486 3087 iste
498 3026 661 3105 coryphaei
674 3034 910 3107 parastateeque
923 3026 1095 3104 singularis
1106 3032 1219 3087 cautus
1233 3026 1399 3105 coryphaei
1413 3027 1468 3088 tri·

294 3129 414 3185 metros
441 3122 580 3205 (677-82)
605 3131 770 3203 sequatur,
792 3125 1057 3203 reliquorumque
1084 3123 1304 3185 trimetrorum
1329 3122 1464 3205 (712-18)

294 3221 472 3283 recitationi
497 3222 723 3300 praemittatur,
753 3222 809 3300 qui
837 3238 903 3283 non
930 3221 992 3282 nisi
1014 3220 1054 3281 ad
1080 3220 1231 3283 eumdem
1259 3220 1467 3299 coryphaeum

294 3325 441 3394 spectare
458 3319 592 3397 possint.
612 3320 673 3383 Ubi
694 3328 807 3382 contra
826 3318 975 3399 quaterni
997 3318 1228 3381 ehoreutarum
1248 3320 1378 3382 ordines
1400 3320 1466 3381 ins-

294 3420 447 3477 truuntur
465 3417 668 3480 dextrorsum
687 3418 976 3496 sinistrorsumque
988 3415 1075 3477 haud
1088 3418 1236 3494 procula
1249 3418 1346 3479 scalis
1363 3434 1468 3495 segre·

294 3513 358 3589 gati
375 3512 519 3590 (velutin
534 3514 753 3593 supplicibus
762 3514 904 3596 ‘lae-59),
917 3514 1118 3576 mulierculae
1133 3515 1266 3593 propius
1280 3515 1321 3575 ad
1334 3530 1464 3576 scenam

293 3610 528 3688 acceduntque
547 3612 686 3673 validius
704 3613 844 3675 Eteoelis
865 3618 1008 3674 mentem
1021 3612 1064 3673 ad
1082 3612 1192 3696 mollia
1210 3611 1328 3690 piaque
1346 3612 1466 3673 sollici-

292 3713 373 3768 tent.
389 3708 512 3770 Deinde
525 3726 605 3788 zyga
618 3717 738 3772 eanunt
750 3711 793 3771 ita
807 3717 844 3771 ut
856 3710 945 3787 prior
956 3710 1084 3789 syzygia
1095 3710 1137 3770 ad
1149 3715 1301 3787 quartum
1314 3708 1468 3785 primum·

295 3822 359 3884 que
378 3806 524 3884 attineat3
540 3807 671 3881 inferior
689 3815 808 3883 autem,
828 3815 940 3887 utpote
954 3808 1050 3886 paulo
1069 3806 1217 3884 amplior,
1232 3805 1275 3866 ad
1288 3804 1420 3867 tertium
1434 3810 1467 3866 et

294 3904 485 3989 seeundum,
500 3904 534 3965 in
553 3905 672 3984 quihus
686 3912 864 3984 parastates
884 3906 1143 3986 coryphaeusque
1167 3908 1337 3966 versantur
1355 3917 1363 3963 ε
1380 3901 1467 3965 unde

295 4006 328 4062 et
343 4008 536 4087 cantatores
563 4004 781 4083 contrapositi:
801 4005 994 4078 manebunt,
1023 4011 1064 4067 et.
1084 4002 1261 4066 novissima
1288 4002 1468 4080 eademque

294 4100 482 4177 gravissima
495 4088 613 4189 verba,
622 4108 657 4164 ut
670 4103 875 4182 plerumque,
893 4104 958 4164 dux
975 4103 1065 4165 chori
1079 4102 1173 4165 faciet
1188 4099 1319 4182 (705-8).

326 4293 348 4340 l.
364 4292 425 4343 Vid.
441 4293 523 4356 Wrrn,
540 4294 626 4345 Fleck.
643 4294 752 4359 tauro„
765 4298 835 4359 1861,
848 4312 875 4361 p.
892 4298 947 4347 391.

323 4364 348 4411 2.
367 4364 419 4412 Der
433 4363 502 4414 Cher
515 4366 543 4416 in
556 4366 606 4417 den
616 4366 748 4427 Sieben...,
762 4383 789 4432 p.
805 4369 844 4418 18.
