3284 5200
687 455 848 518 ..qq-v

191 603 265 665 quae
277 594 476 650 cantatorum
489 587 679 651 divisionem
690 598 827 653 recuset.
840 593 895 654 rst
904 609 979 653 cum
988 593 1217 673 antistrophico
1231 595 1354 659 ambitu

184 701 250 747 non
274 684 385 746 finitur
405 685 575 765 sententia,
591 689 650 750 sed
669 688 703 749 in
721 689 923 768 insequentia
944 690 1074 765 incedit,
1091 698 1127 753 ut
1144 691 1178 753 in
1196 711 1227 754 v.
1247 692 1353 773 65-86,

183 783 240 862 qui
263 785 303 845 ad
323 784 500 845 ornandam
521 785 586 845 virn
605 786 718 847 Xerxis
734 786 882 849 bellicam
901 795 1058 866 spectant.
1078 790 1192 868 Neque
1210 791 1355 868 singulos

183 889 241 945 aut
257 883 393 962 partitos
408 890 566 962 praeterea
580 884 751 946 choreutas
766 886 875 959 velim,
894 889 1046 965 quoniam
1065 888 1146 949 adeo
1162 889 1241 967 ipsis
1255 889 1359 968 parti·¹

182 982 264 1043 culis
275 974 349 1062 γὰρ,
370 969 534 1043 diversus
553 989 828 1060 coagmentantur,
848 990 894 1054 ut,
913 985 941 1046 si
959 1002 1110 1062 personae
1131 986 1352 1065 sejungantur,

190 1079 371 1144 inchoatam
386 1078 426 1140 ab
440 1096 505 1140 una
518 1080 618 1142 altera
632 1082 824 1142 sententiam
839 1082 997 1145 conticere
1012 1083 1138 1145 debeat.

228 1177 292 1238 Sed
312 1177 374 1239 alia
390 1168 608 1255 probabiliore
623 1195 738 1240 caussa
752 1179 893 1241 adducor
913 1185 948 1240 ut
967 1180 1101 1242 chorum
1122 1181 1262 1244 solidum
1280 1181 1355 1243 istic

185 1291 351 1353 usurpem.
369 1275 475 1337 Semel
491 1276 578 1337 enim
592 1282 647 1338 aut
662 1276 711 1337 his
724 1277 758 1338 in
770 1294 964 1357 unaquaque
981 1279 1124 1356 AEsc'hyli
1138 1278 1245 1340 fabula
1260 1280 1354 1341 inter·

185 1374 262 1452 poni
272 1373 530 1447 choricum,sive
538 1375 694 1452 paredum
706 1375 775 1436 sive
785 1376 964 1449 stasimum,
976 1377 1064 1456 quod
1073 1378 1256 1439 canentium
1267 1393 1356 1439 sum·

185 1487 272 1533 mam
286 1471 429 1548 recipiat,
450 1470 532 1532 inira
552 1473 836 1534 demonstrabitur.
851 1473 1014 1552 Ejusmodi
1033 1479 1142 1535 autem
1161 1475 1222 1535 ista
1238 1474 1355 1536 melica
1420 1487 1425 1494 ’

185 1574 262 1631 sunt
281 1587 366 1648 quae,
387 1569 511 1631 etiamsi
530 1569 570 1630 ad
590 1571 774 1648 augendum
793 1587 901 1633 scenae
920 1588 1015 1633 secus
1031 1572 1211 1647 conferunt,
1231 1577 1352 1648 tamen,

186 1683 262 1744 quae
288 1673 338 1728 est
363 1668 478 1746 poetici
504 1667 647 1730 fluminis
669 1668 760 1746 copia
781 1669 978 1748 liberiorque
1003 1669 1131 1732 dicendi
1153 1669 1354 1747 attingendi

189 1764 330 1842 ubertas,
347 1766 425 1844 lyrae
439 1765 654 1843 potiusquam
668 1752 827 1829 cothurno
839 1766 989 1829 videntur
1002 1767 1102 1829 fuisse
1114 1774 1230 1845 aptata.
1242 1768 1354 1846 Itaque

186 1861 221 1924 in
240 1863 292 1923 his
304 1879 434 1940 semper
447 1865 676 1942 tragoediarum
691 1865 770 1926 locis
781 1866 969 1926 intexuntur
983 1865 1038 1926 uhi
1052 1865 1242 1927 defervescit
1258 1865 1352 1937 actio,

184 1961 425 2042 ¹remittiturqua
454 1963 615 2024 contentio
647 1964 840 2033 animorum,
871 1968 903 2024 et
931 1963 1107 2025 orchestrae
1132 1970 1224 2024 vacat
1246 1962 1353 2041 inqui-

124 2119 126 2122 .
184 2075 258 2120 rara
282 2075 346 2136 quo
364 2061 501 2121 latorum
524 2060 666 2138 arbitrio,
680 2061 732 2122 vel
750 2078 813 2140 qua
831 2062 940 2138 legum
960 2049 1142 2123 divinarum¹
1157 2077 1271 2123 norma
1289 2061 1355 2122 tora

186 2156 370 2218 mortalium
393 2163 538 2220 anteacta
557 2174 767 2235 praesensque
789 2164 949 2220 teneatur.
972 2160 1036 2220 Fac
1060 2159 1158 2236 igitur
1182 2177 1213 2220 v.
1238 2158 1355 2220 65-114

186 2253 227 2315 ab
241 2256 402 2316 universis
420 2257 553 2318 senibus
566 2273 632 2317 non
648 2265 815 2332 canantur,
832 2257 963 2318 omnino
982 2264 1102 2318 nostrae
1118 2256 1236 2318 iabulae
1253 2257 1355 2317 deerit

182 2351 375 2414 istiusmodi
390 2353 571 2430 choricum;
587 2354 676 2414 nulla
694 2353 829 2431 posthac
842 2355 973 2415 stasima
994 2355 1200 2416 invenientur
1214 2354 1352 2415 solidum
1368 2354 1371 2359 '

183 2450 318 2512 chorum
333 2451 557 2526 desiderantia,
577 2458 609 2513 et
628 2451 707 2512 nihil
726 2442 882 2530 profuerit
895 2453 936 2513 ad
951 2468 1020 2513 rem
1036 2452 1197 2512 choricam
1213 2451 1350 2527 amplifi·

185 2534 320 2611 candam
341 2550 521 2628 argumenti
544 2548 633 2612 initia
657 2566 838 2628 superasse.
864 2551 1037 2629 Postquam
1062 2549 1150 2613 enim
1171 2549 1354 2627 ingreditur

183 2649 326 2726 nuntius,
343 2666 409 2709 non
420 2650 486 2727 jam
506 2649 638 2710 senibus
657 2650 697 2709 ad
712 2650 861 2710 cantandi
876 2650 1038 2711 licentiam
1052 2650 1180 2710 animus
1192 2649 1275 2710 liber
1289 2654 1351 2727 est,
1438 2659 1440 2663 ·

181 2751 214 2807 et
234 2752 349 2825 sponte
372 2764 392 2806 a
416 2747 587 2823 praeteritis
610 2746 702 2808 annis
725 2747 932 2827 humanaque
952 2754 1039 2809 sorte
1062 2746 1222 2808 lascivitar
1244 2745 1353 2807 obser·

182 2844 297 2905 vandis
310 2845 522 2905 deterrentur.

223 2940 318 3002 Nunc
332 2943 373 3003 de
386 2942 531 3004 clausula
540 2940 692 3003 carminis
705 2940 1040 3022 trochaicam-139)
1050 2958 1231 3016 cernamus,
1242 2956 1350 3019 quam,

182 3045 255 3117 post
263 3038 465 3101 Arnoldtium
474 3045 651 3118 auctorem,
660 3040 758 3101 choro
769 3039 920 3101 universo
933 3039 1144 3118 delegandam
1155 3055 1228 3100 esse
1236 3039 1353 3098 vadem

186 3134 290 3199 habeo
306 3138 410 3216 ipsam
427 3138 634 3215 stropharum
649 3138 845 3216 juncturam,
866 3138 1012 3217 quamvis
1031 3136 1164 3198 mutatio
1184 3136 1351 3215 rhythmo-

184 3249 256 3295 rum
270 3236 336 3308 fiat,
353 3252 429 3314 quae
448 3253 513 3296 non
532 3235 595 3297 nisi
613 3253 678 3297 una
697 3253 771 3298 cum
790 3251 1002 3315 personarum
1021 3230 1231 3297 conversione
1249 3234 1351 3294 inter·

182 3330 291 3393 cidere
304 3334 417 3394 soleat.
433 3333 510 3393 Tam
525 3338 598 3410 apte
613 3334 698 3394 enirn
713 3335 856 3411 strophae
869 3322 893 3388 ε’
912 3332 1111 3409 antistropha
1126 3348 1186 3392 sua
1199 3331 1303 3391 haeret
1316 3336 1352 3391 ut

183 3428 245 3490 alia
259 3446 298 3491 ex
311 3430 382 3491 aliis
395 3435 575 3508 nectantur,
591 3436 623 3492 et
636 3447 698 3492 vox
712 3422 792 3513 nto-q
812 3430 898 3511 (let)
912 3449 931 3491 a
944 3430 1098 3509 particula
1114 3420 1157 3512 μὴ
1178 3427 1259 3509 (118)
1276 3444 1353 3505 pen·

183 3526 268 3589 (leat.
285 3527 409 3607 Itaque,
425 3528 453 3589 si
467 3534 647 3590 cantatores
666 3530 861 3601 dividentur,
875 3528 1064 3607 fingendum
1083 3528 1144 3589 erit
1162 3527 1239 3605 quid
1264 3527 1352 3604 prior

180 3623 215 3686 in
233 3632 343 3688 mente
363 3626 532 3705 agitaverit
546 3626 614 3704 jam
632 3627 769 3689 alterum
790 3634 992 3705 compertum
1011 3626 1174 3702 habuisse,
1197 3631 1229 3686 et
1252 3624 1351 3685 alium

179 3722 234 3784 alii
245 3724 337 3803 quasi
349 3742 388 3787 ex
398 3741 454 3785 ore
463 3724 561 3786 verba
574 3724 794 3804 praeripuisse.
804 3725 956 3787 Ceterum
970 3725 1026 3803 qui
1043 3740 1222 3786 consensus
1231 3738 1350 3783 vocum

180 3819 214 3882 in
227 3822 427 3883 celebrandis
436 3823 608 3884 Persarum
621 3823 720 3884 armis
734 3828 765 3883 et
778 3822 993 3900 gloriaiuerit,
1004 3839 1079 3883 eum
1093 3822 1187 3884 decet
1200 3825 1348 3897 perstare

143 3914 146 3925 '
179 3914 235 3979 uhi
246 3920 313 3997 jam
324 3920 449 3981 futuras
462 3920 596 3999 incoepti
612 3920 689 3982 belli
702 3919 815 3982 ruinas
831 3920 1025 3982 ominentur.
1043 3915 1217 3980 Wecklinii
1240 3923 1349 3977 autem

176 4015 1004 4097 hemichoriapropterstropharumindissociabilem
1013 4016 1167 4078 unitatem
1175 4014 1341 4092 ejicienda,

179 4118 213 4175 et
227 4114 302 4190 quia
317 4112 477 4192 nusquam
498 4116 658 4178 contraria
675 4116 844 4178 contrariis
863 4120 1082 4194 opponuntur,
1098 4120 1130 4175 et
1147 4112 1346 4173 cantantium

178 4210 313 4273 discidio
335 4212 615 4293 discrepantiaque
633 4214 766 4276 minime
787 4232 870 4292 opus
888 4218 949 4291 est,
969 4219 1002 4275 et
1019 4230 1059 4274 ex
1076 4212 1200 4273 ratione
1220 4210 1349 4273 scenica

181 4325 344 4388 nusquam
364 4317 496 4391 apparet
515 4327 574 4373 cur
596 4312 760 4375 choreutae
783 4312 848 4374 sint
870 4311 1057 4374 dimidiandi
1075 4310 1113 4373 in
1136 4309 1348 4388 ordinemque

174 4405 352 4486 digerendi.
