3284 5200
786 476 967 540 -Ioa-

295 614 353 674 der
372 612 586 689 Schilderung
603 613 660 673 des
680 612 768 673 Atlas
788 615 855 673 und
871 613 1018 691 Typhon,
1035 612 1068 672 in
1083 611 1140 671 der
1155 610 1258 671 Scene
1273 609 1331 668 dcr
1346 608 1380 668 Io
1400 606 1469 668 und

296 711 354 771 des
371 709 523 771 Heracles
542 711 614 771 dem
636 710 816 771 stoftlichen
838 712 904 770 und
924 709 1219 771 nebensitchlichen
1236 709 1396 767 Interesse
1415 706 1469 767 ein

294 807 521 869 bedeutenden
536 808 715 885 Spielraum
730 808 873 885 geboten
888 809 930 868 lst
942 807 961 868 ¹.
978 826 994 867 a

335 907 416 980 Iam,
435 912 471 966 ut
496 905 567 966 haec
593 905 710 979 omnia,
736 912 858 966 mutato
883 905 1006 978 ordine,
1030 904 1159 982 aliaque
1181 902 1361 980 adgrediar,
1382 918 1470 961 unus

300 1004 431 1082 quidem
441 1010 530 1065 actor
541 1003 706 1082 Hephaesti
717 1010 749 1065 et
761 1004 1049 1079 Promethei,alter
1057 1008 1165 1063 autem
1177 1001 1324 1076 Roboaria,
1336 999 1467 1071 Oceani,

298 1102 353 1162 Ius
367 1108 399 1163 et
413 1101 561 1163 Mercurii
577 1107 684 1179 partes
696 1101 849 1174 defendit,
861 1102 919 1161 sed
933 1101 1013 1161 nihil
1027 1100 1103 1160 inde
1115 1098 1230 1160 confici
1240 1115 1373 1159 censeo:
1386 1098 1469 1187 duos

297 1198 384 1261 enim
410 1199 582 1277 AEsclrylus
605 1200 638 1258 in
666 1200 784 1270 Persis,
813 1199 1032 1276 supplicibus,
1059 1198 1201 1275 Septem,
1227 1197 1469 1273 Agamemnone

299 1303 331 1357 et
348 1296 548 1373 Choephoris
568 1296 727 1369 adhibuit;
751 1296 838 1357 tertii
856 1297 956 1357 semel
976 1297 1009 1355 in
1031 1294 1263 1356 Eumenidibus
1282 1294 1381 1371 eguit,
1402 1311 1469 1354 non

298 1401 332 1455 ut
352 1395 566 1455 actuosiorem
584 1394 721 1455 fabulam
740 1400 921 1471 praestaret,
937 1394 994 1455 sed
1015 1393 1089 1472 quia
1108 1394 1149 1454 ad
1167 1392 1337 1453 consilium
1354 1392 1467 1453 confe-

297 1492 388 1553 rebat
401 1492 656 1570 areopagitarum
673 1491 781 1552 munia
795 1492 942 1553 adstante
957 1491 1129 1552 tacentium
1141 1507 1351 1569 personarum
1362 1491 1467 1562 turha,

298 1596 330 1651 et
347 1588 490 1667 imagine
502 1590 640 1666 quadam
660 1590 700 1649 ad
720 1590 890 1651 veritatem
911 1590 1049 1650 adducta
1068 1588 1258 1665 exprimere.
1273 1587 1352 1648 Cum
1371 1588 1469 1665 igitur

296 1687 410 1749 tertius
433 1694 523 1749 actor
546 1687 579 1748 in
600 1687 726 1765 trilogia
746 1704 811 1749 non
835 1688 896 1747 nisi
918 1687 1020 1748 semel
1037 1693 1069 1747 et
1089 1686 1252 1763 paulisper
1271 1686 1364 1759 adsit,
1380 1686 1468 1745 haud

297 1784 374 1845 falso
400 1785 569 1862 colligetur
587 1786 776 1864 AEschylum
806 1785 869 1846 hoc
896 1785 943 1845 rei
966 1785 1104 1846 scenicae
1130 1784 1348 1843 additamento
1371 1800 1468 1860 parce

296 1899 391 1942 usum
416 1883 525 1955 fuisse,
547 1900 653 1959 neque
681 1884 722 1944 ad
745 1884 923 1961 Sophoclea
946 1889 1074 1960 reperta
1099 1888 1222 1942 temere
1245 1881 1466 1958 transfugisse,

296 1979 415 2057 quippe
438 1980 492 2057 qui
515 1988 621 2041 cetera
643 1981 822 2042 diutissime
841 1981 1061 2057 angustiorem
1083 1980 1305 2040 duodenorum
1327 1979 1467 2040 choreu-

295 2082 400 2137 tarum
415 2094 589 2138 numerum
604 2078 789 2139 servaverit.

337 2174 467 2235 Infirma
491 2176 586 2235 etiam
608 2182 684 2236 sunt
705 2176 745 2235 ad
767 2175 969 2253 probandum
990 2191 1064 2252 quae
1085 2175 1126 2234 de
1144 2173 1327 2251 argumenti
1344 2173 1466 2250 simpli-

297 2272 392 2333 citate
408 2274 567 2334 dicuntur.
580 2274 652 2334 Non
668 2274 808 2333 multum
824 2274 926 2334 ferme
940 2278 1151 2333 concursatur
1163 2271 1387 2349 inAEschyleis
1401 2277 1467 2332 tra-

296 2370 429 2447 goediis:
445 2388 571 2447 magna,
584 2370 759 2446 luculenta,
771 2370 965 2433 exundantia
978 2370 1087 2431 omnia
1099 2369 1247 2445 sunt‚ubi
1258 2369 1466 2429 dramatioam

298 2467 495 2544 lyricamque
510 2468 692 2528 facultatem
709 2473 851 2544 spectas;
869 2467 962 2529 exilia
975 2474 1083 2529 autom
1098 2468 1216 2528 dixeris
1230 2467 1394 2540 nonnulla,
1411 2467 1466 2528 ubi

298 2565 545 2626 canentiumaut
556 2566 719 2642 agentium
730 2565 938 2645 paucitatem,
948 2582 1122 2645 rerumque
1133 2565 1467 2644 conversum,quibus

298 2662 330 2722 in
346 2663 438 2740 pejus
453 2669 620 2724 mutentur
632 2663 798 2724 hominum
816 2665 1033 2735 condiciones,
1048 2664 1314 2726 consideraveris.

337 2759 557 2838 Quaecumque
578 2761 709 2838 insuper
728 2762 768 2822 de
788 2762 844 2822 Ius
863 2778 1001 2837 persona
1017 2768 1201 2823 commenta
1219 2767 1305 2837 sunt,
1321 2762 1387 2822 vim
1401 2762 1465 2823 sci-

296 2858 371 2919 licet
390 2866 580 2936 argumento
602 2865 753 2936 tanquam
773 2859 932 2937 intulisse,
954 2860 985 2920 in
1006 2859 1338 2937 majus-accipiuntur.
1354 2858 1467 2919 Infelix

296 2956 412 3017 mulier
427 2973 501 3034 pars
511 2962 559 3017 est
570 2957 705 3034 trilogIae
717 2973 782 3017 non
793 2956 968 3017 levissima.
979 2957 1169 3034 Obrepsisse
1180 2958 1312 3036 quidem
1322 2957 1468 3017 videatur

295 3054 322 3113 si
336 3060 477 3115 nostram
489 3053 629 3116 fabulam
640 3061 763 3115 tantum
776 3055 946 3131 respicIas3
958 3071 1071 3116 verum
1083 3055 1167 3115 haud
1178 3071 1312 3132 parvum
1324 3054 1466 3116 officium

296 3152 468 3212 sustinebit
494 3158 526 3213 et
546 3169 582 3213 re
605 3153 825 3213 continebitur
845 3153 872 3212 si
897 3154 1054 3229 poematis
1075 3159 1214 3214 tractum
1234 3152 1465 3230 prospectabis.

297 3249 410 3308 Divina
426 3249 512 3309 enim
530 3250 577 3309 ira
595 3266 659 3311 non
680 3249 774 3310 aliter
793 3267 830 3310 ac
848 3251 1060 3310 Prometheus
1076 3252 1277 3327 opprimitur.
1294 3250 1355 3310 Ubi
1371 3251 1467 3311 etiam

296 3346 429 3423 virginis
448 3364 574 3407 errores
593 3347 732 3409 avincto
753 3347 865 3408 Titane
884 3354 1056 3420 canuntur,
1076 3348 1156 3408 nihil
1176 3349 1293 3409 horum
1313 3365 1465 3426 superva-

297 3459 432 3503 caneum
453 3451 511 3505 est.
529 3443 690 3516 Quantum
714 3451 874 3506 terrarum
894 3446 1098 3522 mariumque
1113 3462 1286 3507 emensum
1299 3446 1350 3520 sit,
1364 3447 1468 3524 prius-

297 3555 392 3618 quam
413 3541 581 3617 Epaphum
596 3542 717 3620 gignat,
731 3559 966 3620 cognoscamus
982 3560 1115 3604 necesse
1129 3550 1188 3617 est,
1205 3551 1239 3604 ut
1253 3545 1370 3621 puellae
1384 3545 1469 3605 mala

297 3639 480 3698 Promethei
501 3639 594 3699 malis
609 3641 703 3717 paulo
721 3647 941 3718 coaequentur,
959 3647 991 3701 et
1010 3642 1234 3718 praenuntiatae
1253 3644 1325 3703 istae
1342 3643 1466 3703 discur-

298 3735 438 3797 sationes
446 3736 594 3797 Herculis
608 3737 679 3814 viis,
691 3755 772 3816 quas
782 3739 867 3799 idern
880 3739 919 3798 de
930 3756 1011 3815 rupe
1025 3737 1260 3815 vatIcinabitur,
1272 3740 1363 3817 quasi
1373 3756 1468 3817 pares

300 3833 431 3912 paribus
445 3835 669 3913 respondeant.
683 3836 736 3896 Sic
749 3837 838 3896 enim
852 3843 884 3897 et
898 3836 1039 3913 gerniaca
1049 3836 1266 3897 enarrationes
1278 3853 1335 3913 per
1345 3838 1468 3898 medias

297 3931 422 3991 fabulas
436 3948 548 3993 secum
562 3935 858 4008 communicantur3
868 3940 901 3995 et
911 3934 965 3994 Ius
974 3934 1176 3995 interventus
1186 3934 1344 4012 laudatur,
1355 3941 1468 4012 utpote

298 4046 373 4106 quae
396 4029 530 4106 stirpem
550 4037 755 4108 procreatum
773 4031 814 4092 sit
834 4033 921 4092 unde
939 4038 1111 4093 enascatur
1130 4031 1313 4110 sagittarius
1330 4031 1467 4093 vulturis

297 4127 433 4200 ochsor3
453 4133 485 4188 et
505 4127 631 4205 Jupiter
652 4129 770 4190 invidia
792 4129 991 4200 liberabitur,
1014 4129 1168 4208 quoniam
1189 4147 1229 4191 ex
1252 4147 1287 4191 se
1307 4130 1468 4208 pepererit

297 4223 479 4286 Promethei
494 4225 710 4288 liberatorem.

327 4436 349 4482 l.
367 4434 453 4484 AEsclt.
473 4436 566 4496 Prona,
584 4451 608 4498 p.
628 4440 667 4486 22.
