3284 5200
770 1398 926 1474 GAPUT
953 1337 986 1474 ll

793 1717 968 1768 SUPPLIOES

331 2009 368 2069 In
383 2007 565 2071 veterrimis
578 2008 722 2088 AEscbyli
737 2008 856 2070 fabulis
869 2010 1073 2087 reponendas
1085 2026 1158 2072 esse
1171 2010 1340 2088 Supplices
1352 2027 1465 2074 omnes

290 2106 355 2169 lere
375 2106 477 2168 critici
494 2106 713 2169 consentiunt.
731 2108 814 2169 Sunt
834 2107 930 2170 etiam
948 2107 1003 2186 qui
1023 2108 1246 2170 Hermannum
1260 2108 1363 2172 secuti
1382 2109 1465 2172 anti·

288 2205 412 2284 quitate
436 2205 553 2266 ceteris
576 2205 737 2284 praegredi
762 2222 818 2266 eas
843 2204 1039 2267 arbitrantur
1055 2206 1078 2283 ¹,
1103 2207 1256 2283 quoniam
1283 2208 1464 2286 argumenti

288 2302 380 2376 ratio,
397 2308 530 2381 propter
543 2318 755 2381 personarum
772 2302 979 2379 paucitatem,
995 2301 1173 2379 simplicior
1189 2303 1241 2381 sit,
1256 2309 1290 2365 et
1302 2320 1464 2384 nusquam

288 2398 350 2460 nisi
369 2417 444 2460 cum
463 2416 528 2461 uno
550 2405 657 2468 actore
676 2400 870 2479 corypbaeus
889 2400 1102 2478 colloquatur,
1123 2407 1156 2463 et
1174 2401 1293 2463 chorus
1313 2408 1463 2481 protago-

284 2495 379 2558 nistae
393 2514 523 2570 munus,
533 2503 569 2558 ut
580 2497 624 2558 ite
636 2497 752 2572 dicam,
763 2497 918 2572 obtineat,
931 2503 964 2559 et
974 2497 1112 2560 barbaro
1122 2498 1250 2561 dicendi
1263 2498 1458 2578 borridoque

288 2595 384 2657 modo
398 2593 562 2657 interdum
576 2594 775 2675 inquinetur.
789 2595 853 2658 Sed
865 2612 925 2674 ego
939 2594 1029 2658 bisce
1041 2595 1271 2674 interpretibus
1281 2595 1293 2630 ²
1304 2595 1464 2676 suffragor

288 2692 409 2771 quibus
433 2693 563 2755 abunde
589 2700 639 2755 est
661 2693 688 2754 si
710 2699 820 2755 nostra
844 2694 1000 2771 tragoedia
1022 2693 1109 2757 inter
1132 2694 1358 2773 antiquissima
1385 2694 1465 2757 artis

286 2791 417 2869 tragicae
435 2798 646 2853 monumenta
665 2798 864 2863 numeretur,
885 2797 917 2852 et
934 2791 1032 2853 simul
1051 2808 1126 2853 cum
1145 2792 1252 2854 Persis
1270 2793 1377 2855 eidem
1395 2792 1462 2854 fere

286 2896 393 2967 poetae
410 2890 497 2950 aetati
512 2889 703 2967 assignetur.
717 2890 805 2950 Artis
825 2888 912 2950 enim
925 2889 1083 2967 politioris
1101 2889 1372 2969 elegantiorisque
1387 2907 1462 2951 ves·

285 2986 363 3065 ligia
381 2989 529 3066 praebcre
547 2986 627 3048 mihi
646 2986 785 3061 videtur,
807 2986 965 3065 facileque
984 2987 1144 3066 perducar
1160 2992 1197 3049 ut
1215 2994 1328 3065 putem
1346 2987 1399 3049 vel
1419 2988 1461 3049 ob

285 3087 460 3165 lyricorum
483 3092 688 3149 venustatem
709 3085 762 3148 vel
784 3085 826 3147 ob
846 3085 1077 3148 absolutiorem
1098 3086 1252 3148 orationis
1273 3086 1459 3147 facultatem

284 3185 541 3263 gravitatemque
563 3201 645 3263 opus
666 3183 754 3245 istud
775 3199 956 3261 graecarum
980 3184 1161 3246 litterarum
1186 3184 1291 3246 ruinae
1313 3189 1460 3263 ereptum

284 3282 395 3344 luisse.
422 3284 584 3360 Ceterum,
607 3298 682 3343 cum
704 3282 776 3343 baec
801 3282 900 3359 plane
920 3281 1062 3361 expediri
1085 3299 1152 3344 non
1175 3283 1312 3361 possint,
1333 3280 1461 3344 omissis

284 3396 359 3458 quae
368 3380 537 3441 obscuram
546 3379 813 3458 coniectationem
824 3379 976 3451 babeant,
988 3380 1029 3441 de
1039 3379 1196 3441 iismalim
1207 3381 1372 3459 disputare
1381 3396 1455 3459 quae

285 3476 459 3556 diligenter
473 3477 612 3539 fabulam
626 3476 805 3555 perlegenti
820 3477 960 3555 cuipiam
973 3476 1007 3537 in
1022 3483 1174 3556 promptu
1189 3477 1231 3538 sit
1248 3478 1399 3539 enodare.

325 3574 409 3647 Quot
424 3575 556 3652 quidem
570 3574 729 3637 Danaidae
748 3574 866 3636 chorus
880 3574 1114 3651 complectatur
1129 3574 1186 3634 diu
1205 3574 1358 3653 varieque
1375 3574 1458 3651 diju-

285 3671 426 3734 dicatum
442 3678 501 3734 est.
520 3672 552 3735 Si
566 3674 672 3735 credis
689 3673 888 3744 Hermanno,
907 3690 923 3731 u
939 3671 1198 3749 quattuordecim
1214 3675 1269 3731 aut
1289 3670 1459 3731 duodecim

284 3770 459 3832 choraulas
483 3770 517 3831 in
541 3770 686 3849 AEscbyli
709 3770 916 3848 Supplicibus
939 3768 1038 3830 luisse
1062 3767 1157 3829 valde
1181 3767 1335 3828 credibile
1357 3773 1406 3827 est
1428 3786 1469 3827 u·
1548 3790 1558 3801 ·

286 3867 470 3931 Schultzius
486 3885 543 3930 sex
557 3868 699 3947 virgines
713 3866 914 3943 totidemque
928 3864 1061 3927 ancillas
1078 3864 1243 3927 constituit
1253 3862 1281 3940 ⁸3
1297 3863 1462 3926 Albertius

317 4068 341 4116 1.
356 4065 416 4116 vid.
433 4066 574 4126 illinantur,
591 4064 683 4115 libain.
702 4062 779 4124 Mus,
793 4062 833 4124 40,
846 4061 907 4124 622,
921 4088 953 4098 -
967 4058 1155 4122 Wrmownz,
1168 4059 1284 4123 Hermes,
1298 4059 1338 4120 21,
1356 4057 1417 4121 188;
1431 4084 1463 4094 -

285 4137 380 4197 Pater,
397 4135 446 4185 Tlre
460 4136 592 4201 tragedias
605 4136 638 4200 of
649 4133 745 4197 AEsclt.,
761 4132 866 4198 Suppl,
880 4148 907 4194 p.
923 4134 947 4182 3.

316 4210 339 4257 2.
354 4208 414 4258 vio.
430 4208 515 4270 Wun,
530 4206 617 4257 AEsclt.
630 4205 734 4270 Suppt,
752 4207 823 4265 1862,
842 4203 972 4267 praelatio,
988 4203 1037 4265 lx3
1053 4231 1086 4241 -
1100 4202 1218 4265 Asanam,
1230 4202 1268 4252 De
1283 4200 1371 4252 AEscu.
1384 4200 1462 4251 cltoro

284 4278 388 4343 suppl,
400 4292 426 4341 p.
441 4281 485 4339 453
498 4305 530 4315 -
543 4279 692 4338 Wrcnurm,
706 4275 795 4325 AEscb.
810 4275 913 4338 Perser,
930 4276 1001 4335 1886,
1015 4274 1180 4337 Eiuleituog,
1193 4287 1219 4336 p.
1234 4275 1278 4335 123
1289 4302 1322 4311 -
1333 4273 1459 4331 Comum,

283 4347 370 4399 AEsclt.
385 4350 486 4410 Persea,
506 4351 574 4411 1888,
589 4347 753 4408 Eiulcitung,
772 4346 835 4397 adn.
850 4349 890 4395 21.

316 4422 340 4470 ³.
350 4420 383 4470 N.
398 4418 561 4470 latronum
574 4420 621 4484 stit·
632 4418 710 4468 clara.
727 4415 808 4478 Phil,
826 4418 896 4478 1851,
913 4429 938 4479 p.
952 4418 1008 4467 2⁶5.
