3284 5200
682 477 840 540 -5p...

176 613 304 675 lustum
328 618 440 673 autern
460 611 596 674 chorum
616 612 650 672 in
669 619 780 673 nostro
802 629 933 691 quoque
953 613 1025 675 loco
1043 614 1173 691 deposci
1193 615 1244 675 vel
1262 608 1358 675 istud}

175 708 270 774 docet
292 711 391 790 quod,
415 709 585 771 silentibus
608 726 705 771 scena
729 715 762 771 et
782 711 958 788 orchestra,
978 712 1029 771 vix
1053 711 1151 773 etiarn
1174 712 1356 788 incipiente}

176 809 343 888 tragoedia,
366 808 484 887 quietis
503 808 663 887 spatiique
681 809 722 870 ad
744 807 950 895 explicandos
972 814 1058 870 totos
1076 815 1277 871 cantatorum
1300 826 1348 872 or·

174 908 267 969 dines
282 906 410 968 abunde
424 910 483 968 est.
1300 927 1311 935 .,
1350 928 1354 932 >

213 1014 442 1075 consummata
462 1012 574 1090 parodi
593 998 760 1094 ἐμμελείᾳ,
783 1013 916 1073 tandem
934 1013 1169 1092 clytemnestra
1183 1014 1271 1075 sanis
1285 1014 1344 1075 tri·

174 1110 286 1172 matris
317 1110 529 1181 inclamatur,
559 1110 616 1187 qui
646 1110 818 1188 coryphaeo
847 1127 905 1188 pro
936 1112 1171 1195 consuetudine
1197 1110 1353 1172 servandi-⁶

175 1215 261 1282 sunt,
283 1208 369 1287 quia,
385 1214 422 1270 ut
441 1208 555 1270 crebro
575 1224 707 1285 usurpo,
725 1209 927 1286 praecipuum
948 1209 1018 1288 ejus
1035 1209 1178 1270 officium
1198 1215 1247 1271 est
1264 1209 1345 1271 insta

173 1309 253 1383 gnos
273 1308 314 1367 de
339 1322 436 1367 scena
458 1322 613 1383 personas
636 1304 777 1383 adloqui.
801 1305 946 1377 Quorsus
966 1313 1074 1369 autern
1098 1300 1219 1368 Keckio
1240 1300 1350 1367 hemi-'

175 1403 293 1465 choriis
312 1421 391 1465 usus
408 1403 506 1464 fuerit
525 1403 657 1464 omnino
676 1419 729 1464 me
748 1402 852 1464 fallit¹
869 1420 876 1463 :
895 1421 1056 1481 nusquam
1078 1411 1253 1466 occurrunt
1268 1405 1350 1465 cho-

173 1500 314 1563 ricarum
342 1500 486 1579 partium
516 1500 812 1578 compensationes,
837 1519 945 1579 neque
967 1502 1128 1579 colloquia
1154 1501 1353 1563 libramento.

175 1604 269 1660 stant.
291 1599 355 1660 Sed
377 1603 414 1659 ut
437 1598 494 1659 uni
519 1598 619 1660 actori
641 1615 741 1658 unum
763 1615 893 1677 quoque
912 1599 952 1659 de
972 1599 1134 1660 orchestra
1150 1592 1349 1676 respondero¹

146 1771 149 1775 ,
173 1712 232 1775 par
250 1701 310 1769 est,
335 1696 380 1755 sic
397 1712 436 1757 ex
456 1695 676 1773 rogationibus
695 1696 923 1773 responsisque
944 1696 1228 1757 sermocinantium
1243 1695 1347 1775 dupli·

174 1793 253 1854 citas
267 1799 409 1871 apparat.
429 1794 541 1871 Itaque
555 1794 695 1869 primum
711 1792 894 1869 episodium
911 1810 949 1853 ex
963 1793 1089 1870 integro
1103 1793 1346 1873 clytemnestra

173 1897 207 1952 et
220 1890 311 1953 chori
330 1890 467 1969 principi
488 1890 687 1952 hauddubie
705 1890 867 1952 tribuetur
881 1889 1051 1970 (aar-355).

213 1989 379 2066 Anapaesti
393 1989 501 2062 etiam,
518 1989 636 2067 quibus
652 1989 832 2066 episodium
846 1987 1023 2051 absolvitur
1039 1987 1179 2070 (352-66)
1195 1988 1219 2062 ²,
1235 2005 1348 2050 rursus

175 2088 351 2166 coryphaeo
371 2086 534 2148 dabuntur
547 2086 572 2159 ⁸,
585 2087 737 2165 quoniam
753 2104 791 2148 ex
806 2104 868 2150 usu
883 2094 944 2163 est,
958 2092 990 2149 et
1003 2088 1074 2164 ipse
1087 2088 1224 2150 deorum
1238 2103 1348 2166 preca·

175 2184 297 2246 tionem
310 2183 363 2245 bis
377 2184 482 2246 verbis
496 2184 745 2262 praenuntiavit:
763 2206 764 2211 ¹

337 2367 393 2452 ἐγὼ
407 2367 556 2438 δ’ἆκούσας
570 2370 653 2431 πιστά
670 2393 717 2431 σου
730 2376 868 2451 τεκμήρια

335 2466 408 2536 θεοὺς
424 2472 579 2551 προσειπεῖν
593 2458 628 2528 αὗ
641 2467 883 2551 παρασκεύαζομαι
898 2467 1038 2549 (352-53)
1052 2469 1074 2527 ⁴.

216 2682 338 2744 Deinde
356 2683 497 2761 primum
518 2683 685 2744 stasimum
705 2682 866 2763 (aot-tar)
885 2701 950 2743 non
969 2684 1013 2747 ita
1031 2683 1143 2744 multae
1163 2699 1271 2760 operae
1285 2689 1342 2744 est.

176 2779 328 2852 Quamvis
353 2781 439 2841 enirn
459 2781 594 2844 solidam
613 2781 702 2842 chori
717 2781 843 2859 copiam
856 2781 1046 2842 Arnoldtius
1062 2780 1213 2859 expedire
1231 2780 1309 2841 velit
1321 2778 1345 2853 ⁸,

174 2876 261 2938 haud
281 2877 377 2939 facile
395 2879 547 2957 cuiquam
565 2877 646 2940 illud
663 2878 822 2956 probabit,
842 2895 916 2940 cum
934 2878 1147 2955 subjungatur
1166 2878 1300 2956 epodus,
1314 2882 1347 2939 et

174 2990 232 3052 pro
259 2975 443 3037 certissimo
467 2976 520 3055 sit,
546 2983 675 3054 propter
698 2982 846 3037 naturam
874 2975 1091 3054 coloremque,
1116 2982 1149 3037 et
1179 2977 1348 3036 universas
1445 3029 1449 3036 .

173 3071 320 3151 syzygias
339 3091 404 3135 non
428 3073 616 3136 eorumdem
636 3080 836 3136 cantatorum
855 3090 1040 3152 essequam
1056 3074 1207 3151 epodum,
1224 3072 1347 3134 etcbo·

205 3296 228 3343 l.
244 3294 274 3344 t.
290 3308 324 3354 c.,
342 3308 367 3356 p.
382 3295 438 3344 256.

204 3368 228 3415 2.
241 3367 278 3416 cl.
294 3367 441 3426 Errantem,
457 3365 475 3415 t.
489 3379 528 3428 c.,
542 3379 568 3428 p.
582 3367 621 3416 al.
632 3393 664 3403 -
678 3368 740 3416 lloec
755 3371 849 3417 contra
863 3369 1009 3428 systemata
1020 3378 1067 3427 pro
1081 3364 1184 3428 proodo
1194 3364 1275 3414 habet
1289 3363 1348 3414 llei-

175 3437 260 3501 sigiua
273 3435 438 3501 (conjectari.
452 3437 481 3487 in
490 3437 634 3502 Aristoplt..
649 3439 670 3500 1,
681 3451 706 3500 p.
723 3438 788 3501 269).

204 3507 228 3558 8.
244 3508 282 3558 De
296 3508 410 3557 istorum
422 3508 658 3573 hypermetrorum
672 3513 810 3559 structura
818 3507 881 3559 vide
891 3508 982 3567 Kaorz,
990 3507 1007 3556 l.
1018 3521 1051 3569 c,
1066 3520 1095 3569 p.
1112 3508 1153 3555 to.
1167 3534 1199 3543 -
1210 3507 1250 3558 cl.
1265 3506 1350 3556 Sensi-

176 3591 267 3639 orwm
285 3579 394 3643 ripam,
409 3580 452 3629 ed.
470 3582 545 3643 1883;
556 3607 588 3616 -
602 3579 750 3638 Wacruam,
766 3580 871 3644 algam,
885 3580 928 3630 ed.
943 3580 1017 3641 18883
1031 3605 1063 3614 -
1073 3578 1201 3641 honoror,
1215 3577 1268 3627 Der
1282 3576 1351 3628 Char

175 3648 204 3699 d.
223 3650 327 3714 Apum,
343 3663 369 3712 p.
383 3651 470 3710 2¹13—
484 3651 567 3713 Wau,
583 3652 686 3715 Apum„
701 3650 743 3700 ed.
760 3651 830 3700 lost.

204 3722 228 3770 l.
244 3721 307 3771 Haec
321 3721 406 3782 igitur
420 3724 567 3786 systemata
579 3722 612 3771 ab
626 3723 751 3772 universo
767 3721 1026 3784 choro-(Hamsoam‚
1038 3719 1150 3782 Beitr...,
1161 3734 1188 3782 p.
1200 3721 1283 3784 lt-la)
1294 3723 1348 3769 tar·

174 3790 245 3853 diua,
263 3805 278 3841 a
296 3793 464 3841 stoeoborum
483 3792 597 3842 ducibus
614 3794 701 3854 (Kacr,
717 3790 735 3843 l.
754 3807 791 3854 a,
809 3806 836 3855 p.
853 3792 909 3848 ill)
924 3795 1018 3841 contra
1034 3794 1081 3840 aut
1096 3792 1129 3840 ab
1145 3809 1157 3834 «
1171 3791 1345 3840 suo-choro»

173 3861 296 3924 (Vanum,
313 3863 419 3926 Agara,
441 3863 482 3913 ed.
501 3864 569 3926 1889)
585 3864 643 3914 'dici
664 3864 791 3914 subtilius
811 3877 892 3925 quam
911 3877 960 3924 pro
982 3877 1009 3911 re
1025 3867 1075 3911 est.
1095 3862 1255 3911 Nostrorum
1273 3861 1347 3910 enim

173 3936 371 3995 anapaestorurn
387 3947 418 3983 ea
437 3936 479 3984 est
501 3935 569 3986 ratio
597 3949 667 3998 quae,
684 3935 739 3985 sive
766 3939 914 3984 metrorum
932 3933 1070 3993 fabricam,
1095 3933 1152 3981 sive
1170 3944 1259 3980 rerum
1281 3944 1346 3980 con·

173 4014 271 4052 nexum
289 4003 426 4066 dispicias,
439 4005 584 4069 tripliciter
604 4006 689 4055 dividi
699 4020 754 4056 non
763 4006 857 4069 possit.
881 4007 1003 4055 Ceterum
1021 4004 1082 4065 quis
1106 4003 1143 4050 sit
1164 4002 1215 4051 iste
1234 4000 1348 4051 Verralii

173 4073 362 4124 «sub-chorus
376 4093 388 4119 »
404 4075 483 4137 plane
506 4090 560 4126 non
583 4077 689 4126 novisse
711 4077 806 4126 lateor.
824 4077 970 4134 Postremo,
983 4087 1044 4136 quae
1061 4072 1170 4121 Christii
1188 4071 1280 4134 opinio
1296 4074 1346 4130 est,

172 4142 260 4193 eidam
282 4145 428 4208 corypbaeo
448 4147 530 4196 simul
548 4148 703 4209 praemissos
720 4146 1054 4210 dimetros(351·354)‚et
1072 4141 1235 4205 anapaestico
1253 4144 1349 4206 hyper-

172 4218 259 4264 metra
276 4221 389 4280 propter
403 4217 525 4280 rhythmi
541 4217 758 4268 immutationem
774 4232 828 4268 non
850 4216 992 4277 committi,
1008 4214 1099 4264 nimiae
1117 4213 1264 4276 diligentia
1276 4212 1349 4264 vide·

171 4288 223 4346 tur,
250 4287 388 4348 quoniam,
412 4291 442 4338 ut
465 4288 548 4339 iambi
571 4290 728 4351 recitantur,
754 4289 793 4340 sic
815 4288 962 4352 anapaesti,
981 4300 1040 4351 quaa
1068 4287 1109 4337 est
1131 4284 1217 4348 lyrica
1236 4286 1348 4348 lactura,

172 4355 326 4407 secundum
347 4359 558 4423 paracatalogen
571 4361 721 4424 soepissime
735 4360 900 4412 declamitati
915 4363 988 4410 sunt.

206 4429 229 4478 5.
244 4429 296 4478 Der
312 4428 420 4494 chem,
437 4445 464 4495 p.
479 4433 517 4483 38.
