3284 5200
783 406 943 469 ..60-

273 540 378 604 ricum
389 542 475 604 istud
486 542 549 603 boc
559 540 627 603 fere
637 542 733 604 modo
742 559 808 620 quo
819 540 1180 603 simillimaPersarum¹
1192 546 1224 603 ct
1234 539 1424 618 Supplicum
1435 540 1461 609 ²,

274 640 390 701 melica
414 656 486 701 asse
504 639 699 702 canendum.
716 640 841 701 Deinde
855 656 933 701 cave
954 656 995 700 ne
1014 638 1213 701 bemicboria
1231 654 1305 699 cum
1325 637 1449 699 Keckio

274 737 451 803 constituas
465 736 490 810 ³,
508 737 627 815 quibus
650 738 697 798 rei
719 738 858 799 scenicae
878 736 1067 814 simplicitas
1084 742 1243 813 repugnat
1258 735 1393 813 perinde
1411 752 1452 797 ac

275 843 466 905 narrationis
479 844 590 921 lyrioae
606 841 747 921 (llo-26)
762 843 797 903 in
810 843 942 921 stropha
956 848 989 904 et
1002 841 1202 919 antistropha
1217 830 1248 919 β’
1265 842 1446 917 interjectae

276 941 484 1019 perpetuitas.
508 942 639 1003 Constat
663 942 749 1002 enim
768 957 899 1002 carmen
917 957 992 1027 non.
1008 938 1114 1001 solum
1139 937 1447 1016 antistropbicorum
1472 1019 1474 1023 Ι

276 1038 483 1100 distinctione
496 1038 560 1103 ¹sed
583 1038 679 1099 etiarn
703 1038 886 1116 argumenti
910 1038 1034 1105 ratione
1054 1036 1208 1098 trifariam
1228 1037 1327 1098 luisse
1345 1036 1458 1114 parti·¹

276 1142 358 1197 tum.
384 1136 529 1196 Primum
558 1135 802 1197 concelebratur
828 1151 926 1213 quarn
955 1135 1163 1197 vehementer
1188 1134 1313 1212 Jupiter
1334 1134 1458 1203 ineos,

277 1233 448 1295 invehatur
461 1233 527 1311 qui,
543 1232 711 1310 sicutipse
726 1232 827 1305 Paris,
845 1234 997 1310 despecta
1011 1249 1109 1295 aurea
1122 1232 1261 1318 lortunae
1276 1230 1450 1300 mediocri·

278 1335 354 1403 tale,
373 1330 549 1391 insolenter
564 1331 638 1407 jura
657 1336 690 1391 et
704 1330 861 1407 iustitiam
882 1330 1156 1404 conculcaverint3
1177 1329 1312 1407 posthac
1330 1329 1449 1399 descri-

277 1427 398 1489 buntur
416 1428 549 1489 Helenae
569 1428 657 1505 luga,
673 1428 809 1490 Menelai
829 1428 999 1500 desideria,
1015 1434 1048 1490 et
1063 1432 1213 1489 narratur
1224 1426 1359 1505 fugitiva
1373 1426 1449 1487 nul·

277 1526 341 1586 lam
364 1524 398 1585 in
422 1526 576 1603 Troianos
598 1525 695 1586 aliam
719 1526 829 1588 dotem
852 1526 1030 1587 contulisse
1050 1526 1112 1585 nisi
1133 1524 1250 1586 civium
1269 1524 1456 1603 patriasque

277 1622 387 1699 exitia;
409 1630 574 1697 postremo
593 1622 678 1684 inter
700 1623 762 1685 alia
786 1623 987 1685 subobscura
1002 1622 1119 1700 jacitur
1133 1624 1200 1700 jam
1221 1623 1352 1699 publica
1374 1621 1447 1683 odia

275 1720 310 1780 in
332 1720 460 1783 Atridas
483 1722 663 1798 insurgere,
688 1720 841 1799 Jovisque
864 1721 988 1781 fulmen
1008 1721 1049 1781 iis
1069 1719 1447 1798 gentiumdomitoribus
1483 1710 1488 1717 ’

275 1817 465 1897 impendere
485 1835 624 1895 quorum
644 1818 744 1879 decus
764 1818 864 1879 nimio
883 1818 1040 1897 sanguine
1058 1824 1203 1896 emptum
1220 1817 1271 1879 sit.
1291 1815 1448 1890 Quocirca

276 1914 484 1993 trigeminum
496 1916 665 2001 stasimum
675 1915 775 1976 ternis
786 1915 1066 1993 choriordinibus,
1077 1922 1114 1977 ut
1123 1922 1234 1976 auctor
1245 1921 1295 1977 est
1309 1914 1449 1976 Weckli·

277 2012 352 2073 nius
365 2010 388 2089 ⁴,
405 2012 523 2089 tribuo,
540 2012 597 2074 sed
615 2012 789 2091 ephvmnia
807 2013 989 2091 rhythmica
1000 2012 1022 2086 ⁵,
1038 2013 1158 2090 quibus
1171 2013 1360 2074 antithetica
1373 2028 1455 2099 con.

278 2110 462 2182 cluduntur,
481 2110 593 2180 nolim,
611 2126 685 2170 curn
701 2108 773 2187 θο,ὃ
788 2109 955 2172 individuo
969 2110 1069 2173 choro
1084 2111 1293 2173 demandare.
1301 2111 1449 2189 Namque

279 2214 311 2269 et
331 2226 350 2269 a
372 2206 520 2269 versibus
541 2208 787 2269 intercalaribus
809 2208 940 2269 omnino
962 2209 1092 2286 distant,
1113 2215 1147 2270 et
1168 2208 1212 2269 ita
1232 2208 1393 2270 inhaerent
1414 2208 1449 2268 in

279 2304 423 2367 materiae
451 2306 560 2381 lyricae
588 2312 713 2381 natura,
743 2311 780 2367 ut
807 2311 1012 2367 cantatorum
1039 2307 1234 2383 diremptum
1250 2311 1413 2384 'respuant
1423 2303 1446 2366 ⁷.

279 2402 384 2475 Quare
405 2403 538 2481 integris
557 2404 692 2465 stoechis
713 2404 849 2483 integrae
867 2398 1018 2486 syzygiae
1028 2403 1183 2481 deinceps
1200 2405 1445 2466 concredantnr.

292 2511 293 2519 ¹
317 2500 388 2561 iam
404 2516 482 2563 vero
501 2500 635 2577 apodica
655 2500 799 2562 clausula
818 2500 958 2581 (475-87)
976 2502 1060 2563 inter
1073 2518 1156 2579 quos
1171 2500 1392 2563 distribuenda
1406 2500 1448 2561 sit

277 2596 464 2659 difficilioris
486 2596 720 2676 disquisitionis
744 2605 804 2660 est.
831 2600 877 2660 De
900 2600 993 2677 cujus
1017 2606 1131 2660 natura
1156 2599 1277 2677 optime
1300 2599 1338 2660 G.
1362 2600 1447 2661 Her-

277 2711 417 2758 mannus
435 2696 622 2773 dijudicavit
643 2714 649 2758 :
675 2714 692 2755 «
712 2697 772 2768 Qui
792 2713 934 2771 carmen,
957 2698 1045 2774 quod
1067 2698 1101 2757 in
1123 2696 1367 2774 Agamemnone
1385 2701 1445 2768 est,

275 2809 295 2854 a
313 2809 344 2853 v.
359 2792 420 2854 375
437 2801 557 2855 attente
576 2794 838 2872 consideraverit,
856 2793 963 2872 facile,
984 2810 1091 2874 spero,
1112 2795 1299 2873 adducetur,
1315 2799 1351 2855 ut
1370 2810 1446 2869 epo·

276 2891 366 2964 dum,
383 2907 457 2970 quae
477 2891 511 2952 in
531 2891 596 2953 fine
612 2892 719 2953 addita
737 2898 798 2969 est,
815 2908 880 2953 non
895 2908 915 2952 a
930 2897 997 2953 toto
1010 2892 1109 2954 choro
1123 2898 1284 2954 cantatam
1296 2891 1359 2952 sibi
1373 2908 1445 2969 per-

276 2989 418 3050 suadeat.
433 2988 516 3050 Nam
533 2989 567 3048 in
582 2990 724 3066 strophis
739 2996 838 3067 atque
853 2989 886 3049 in
895 2989 1104 3068 antistrophis
1113 3006 1230 3066 magna
1239 2994 1315 3050 sunt
1324 2989 1445 3066 omnia,

276 3091 309 3148 et
321 3087 442 3164 gravia,
457 3087 689 3163 sententiisque
710 3088 849 3164 egregiis
868 3088 965 3164 plena
982 3107 988 3146 :
1006 3088 1039 3148 in
1054 3088 1158 3165 epodo
1172 3093 1281 3148 autem
1295 3087 1352 3147 illa
1365 3086 1445 3147 nibil

276 3183 338 3243 nisi
357 3183 511 3248 dubitatio
532 3184 639 3260 aliqua
658 3184 800 3262 injicitur
818 3184 860 3245 de
878 3184 942 3246 fide
962 3185 1093 3245 nuncii:
1112 3201 1187 3262 quae
1201 3202 1254 3245 res
1268 3200 1334 3245 non
1349 3184 1446 3246 modo

278 3280 397 3342 mirum
421 3287 579 3358 quantum
602 3281 729 3341 diversa
748 3288 797 3342 est
818 3281 858 3341 ab
882 3281 932 3358 iis,
958 3298 1033 3360 quae
1056 3288 1130 3349 ante
1153 3282 1238 3344 dicta
1263 3287 1366 3357 erant,
1388 3281 1447 3342 sed

277 3379 410 3439 omnino
428 3377 472 3439 ita
491 3384 687 3455 comparata,
704 3384 739 3439 ut
757 3378 905 3455 ineptum
925 3369 1071 3440 videatur
1088 3379 1274 3457 hujusmodi
1288 3379 1444 3456 suspicio·

276 3489 364 3544 nem,
382 3491 481 3552 quam
494 3475 534 3535 ab
550 3492 614 3535 uno
631 3477 772 3537 alterove
784 3476 818 3536 in
833 3476 980 3537 medium
993 3477 1099 3538 afferri
1113 3477 1258 3562 decebat,
1274 3475 1446 3554 magnifice

275 3571 455 3648 conJunctis
473 3573 614 3633 universi
634 3573 724 3634 chori
744 3573 878 3634 vocibus
893 3574 1056 3635 decantari
1071 3574 1082 3608 ⁸
1099 3597 1126 3635 ».
1142 3574 1344 3652 Quapropter
1355 3578 1445 3650 quat·

275 3675 349 3730 tuor
368 3676 530 3731 commata
549 3670 678 3747 conjicit
695 3671 903 3733 Hermannus
921 3670 1061 3750 (475-78;
1081 3670 1208 3746 ola-aa
1221 3669 1351 3745 laeam
1366 3669 1444 3730 485-

306 3865 328 3912 l.
343 3863 374 3914 V.
389 3864 509 3926 aaa-6803
525 3865 639 3914 852-906.

304 3935 328 3982 2.
343 3933 375 3984 V.
389 3934 500 3984 lla-835.

304 4007 329 4054 3.
343 4005 372 4076 b.
383 4019 417 4068 c,
431 4019 459 4070 p.
475 4006 520 4055 281
536 4018 594 4070 sqq.

303 4075 327 4124 l.
343 4075 420 4125 Ascla.
435 4077 491 4138 Or„
507 4090 535 4137 p.
556 4079 596 4137 al,
612 4075 675 4126 adn.

304 4148 327 4195 5.
343 4147 453 4216 381-384,
470 4149 585 4209 aestum
603 4147 718 4206 tlt-lla,
733 4147 854 4207 las-4363
870 4148 985 4208 lta-455,
1003 4149 1118 4197 lli-tlt.

306 4219 329 4266 6.
345 4208 422 4266 Ascli.
442 4217 496 4278 Ort,
512 4232 537 4280 p.
552 4219 591 4278 57,
608 4217 671 4267 adn.

307 4289 330 4336 l.
344 4289 433 4348 Longa
449 4288 501 4336 alia
516 4293 580 4337 sunt
596 4301 657 4351 quae
674 4288 887 4352 inflsupplicibus
902 4289 993 4339 notavi
1008 4289 1179 4354 (tuit-1052).

308 4359 331 4406 8.
343 4357 423 4407 illem.
443 4357 527 4408 doctr.
539 4362 626 4420 metra,
644 4373 670 4422 p.
686 4362 740 4410 tal.
