3284 5200
801 421 962 486 ..23-

297 563 393 633 etiam
421 579 487 626 non
514 559 616 623 semel
645 558 848 635 ostendetur,
872 557 999 636 quoties
1019 557 1183 620 choreutae
1207 557 1328 636 tragico
1349 565 1467 623 eventu

297 661 451 724 commoti
469 665 502 722 et
516 659 557 721 de
571 675 630 720 sua
644 658 789 735 ipsorum
801 660 889 717 sorte
902 655 1063 717 sollicitati
1077 672 1143 717 non
1155 660 1355 719 cantatorum
1371 659 1467 721 modo

298 761 346 822 sel
366 765 511 822 actorum
530 756 642 818 munia
655 759 887 832 exsequuntur,
903 759 935 815 et
949 753 1147 815 orchestram
1162 755 1312 816 moeroris
1323 771 1469 818 commu-

298 857 414 935 nisque
427 857 482 918 lati
497 854 659 918 consortio
671 852 762 932 quasi
777 868 885 912 scenae
897 851 1070 913 admovent
1084 857 1117 913 et
1130 853 1319 924 admiscent,
1336 854 1404 914 veri
1419 861 1469 917 est

297 954 497 1024 ¹simillimum
517 953 652 1014 chorum
670 967 735 1011 non
754 949 787 1009 in
808 949 969 1028 legitimos
987 949 1044 1028 qui
1059 949 1376 1027 magnificentissima
1393 953 1469 1015 cho-

296 1051 363 1114 rios
387 1051 523 1115 deceant
550 1049 680 1112 ordines
707 1047 870 1125 explicari,
900 1064 1008 1125 neque
1033 1048 1066 1107 in
1094 1048 1235 1109 conistra
1261 1035 1469 1128 quocumque

296 1151 392 1213 modo
416 1147 567 1227 expandi,
595 1145 709 1208 sedin
733 1144 922 1223 hyposcenii
945 1145 1185 1223 propinquitate
1205 1146 1291 1208 haud
1312 1149 1426 1224 procul
1449 1165 1469 1209 a

296 1248 391 1309 scalis
406 1248 610 1308 dextrorsum
623 1244 910 1320 sinistrorsumque
920 1243 1043 1320 stipari,
1055 1260 1120 1322 quo
1129 1243 1355 1305 vehementius
1365 1245 1470 1307 citius·

295 1360 359 1422 que
388 1345 513 1405 animos
542 1358 756 1420 personarum
785 1341 828 1402 de
855 1341 1025 1416 proscenio
1054 1341 1254 1420 loquentium
1281 1349 1383 1420 regat.
1415 1342 1470 1405 Sic

296 1447 405 1503 autern
423 1442 524 1502 fuisse
543 1440 688 1518 virgines
706 1439 881 1500 collocatas
899 1438 972 1500 ideo
991 1445 1080 1517 patet
1097 1439 1185 1518 quia,
1201 1440 1271 1501 sive
1287 1440 1471 1518 incipientis

296 1539 365 1602 sive
384 1539 531 1601 exeuntis
548 1537 663 1600 cantici
682 1536 782 1598 verba
803 1542 1001 1614 spectentur,
1017 1536 1097 1597 nihil
1117 1538 1244 1616 legatur
1261 1526 1348 1600 unde
1362 1539 1468 1601 hemi·

296 1637 482 1700 choriorum
510 1644 642 1699 cantum
665 1636 828 1714 conjicere
852 1651 962 1714 queas.
989 1634 1026 1695 In
1049 1635 1152 1711 primo
1176 1635 1382 1715 stropharum
1401 1638 1470 1715 pari

297 1735 516 1798 diversissima
540 1740 712 1808 canuntur,
730 1720 910 1811 eademque
931 1749 1005 1794 cum
1027 1733 1229 1794 concinentia
1242 1740 1313 1796 tum
1328 1751 1468 1813 symme-

296 1832 368 1907 tria,
388 1851 463 1913 qnae
478 1833 645 1912 praecipua
660 1831 935 1892 hemichoriorum
953 1836 1107 1892 venustas
1122 1837 1182 1909 est,
1202 1831 1378 1894 admodum
1398 1835 1470 1895 des·

271 1925 406 2004 “tituta;
429 1931 463 1991 in
485 1931 585 1991 altero
610 1934 719 1990 autem
746 1928 926 1989 subsimilis
948 1928 1105 1990 iterantur
1119 1927 1141 2006 ¹,
1162 1945 1237 2006 quae
1260 1946 1327 1992 nou
1349 1930 1410 1992 nisi
1429 1931 1470 1992 ad

296 2027 493 2105 singularem
517 2033 648 2088 cantum
671 2025 824 2088 videntur
849 2024 1024 2102 aptissima.
1050 2027 1218 2088 Postremo
1244 2028 1469 2089 dochmiorum

294 2124 402 2188 fervor
422 2124 686 2204 perturbatioque
709 2128 844 2184 monent
866 2139 1038 2184 caveamus
1060 2141 1103 2186 ne
1125 2124 1225 2185 nimio
1244 2125 1355 2203 plures
1374 2127 1470 2188 simul

296 2230 450 2285 canentes
468 2223 640 2302 fingamus,
658 2237 733 2282 cum
751 2219 889 2283 istorum
907 2237 1118 2284 numerorum
1140 2223 1305 2300 proprium
1319 2224 1361 2284 sit
1375 2225 1416 2285 ad
1431 2241 1470 2287 ea

295 2321 329 2380 in
343 2321 453 2399 primis
466 2321 629 2399 pertinere
643 2337 718 2398 quae
733 2318 799 2380 sint
809 2318 929 2380 viritim
944 2335 1106 2396 expressa.

334 2419 350 2479 J
353 2435 415 2491 arn,
428 2419 515 2497 quod
528 2418 569 2478 ad
583 2417 747 2479 trimetros
762 2421 896 2493 spectat,
911 2433 977 2478 non
987 2418 1126 2496 amplius
1136 2417 1350 2497 Bambergero
1360 2435 1470 2481 assen-

295 2514 367 2576 tior.
388 2516 451 2576 Fac
468 2516 554 2576 enirn
575 2531 728 2594 zygorum
753 2514 952 2593 principibus
971 2515 1217 2589 demandentur,
1240 2516 1470 2594 inconspicuas

296 2614 357 2675 erit
375 2614 584 2692 coryphaeus;
599 2614 699 2673 immo
714 2614 811 2676 etiam
826 2613 924 2676 modo
935 2614 1019 2696 zygi,
1031 2616 1128 2676 modo
1144 2614 1233 2677 chori
1250 2614 1389 2698 (76263)
1406 2617 1471 2678 dux

296 2710 367 2787 erit,
386 2712 572 2790 permodico
592 2712 725 2789 quidem
749 2710 918 2772 intervallo
935 2711 1126 2774 imminutus
1144 2713 1297 2791 idemque
1309 2714 1467 2777 sublatus.

296 2808 408 2887 ltaque
418 2810 526 2870 omnia
537 2809 722 2871 iamborum
735 2810 824 2887 paria
836 2815 1037 2871 cantatorum
1052 2811 1188 2891 principi
1204 2813 1340 2875 restituo
1350 2811 1374 2883 ²,
1384 2812 1471 2891 quod

296 2923 373 2968 sane
387 2923 453 2968 non
467 2908 550 2968 alius
564 2907 670 2986 quivis
684 2907 873 2969 auctoritate
886 2908 964 2968 satis
978 2908 1064 2986 apud
1074 2915 1199 2971 ceteros
1210 2910 1295 2972 valet
1304 2916 1341 2971 ut
1350 2910 1471 2987 gravis·

296 3013 376 3075 sime
390 3015 488 3076 verba
505 3032 563 3093 per
583 3032 619 3076 se
633 3031 718 3075 unus
740 3014 856 3077 efferre
870 3015 1020 3092 dignetur
1036 3005 1133 3095 μόνην
1149 3002 1183 3070 δὲ
1200 3006 1243 3097 μὴ
1260 3002 1422 3097 πρόλειπε,
1439 3022 1472 3078 et

298 3110 441 3189 legitime
459 3111 676 3190 interponitur
696 3112 824 3191 quoties
839 3112 879 3173 de
895 3113 1061 3174 orchestra
1076 3113 1272 3192 colloquium
1286 3129 1359 3175 cum
1374 3129 1471 3174 scena

297 3209 408 3271 oritur.
428 3210 579 3272 Ceterum
599 3226 665 3271 nou
683 3210 823 3283 indecet,
845 3211 923 3271 dum
941 3211 982 3271 ad
1000 3211 1066 3271 ima
1085 3211 1221 3274 solvitur
1235 3211 1365 3285 chorus,
1379 3226 1470 3273 sum-

297 3323 383 3368 mam
400 3308 594 3380 canentium,
612 3306 769 3369 recitante
784 3308 969 3386 coryphae0,
986 3309 1187 3387 aliquatenus
1201 3325 1341 3370 manere.

232 3484 233 3489 ἵ
339 3402 515 3484 Postquam
535 3405 668 3467 exsaevit
688 3405 870 3466 animorum
888 3406 1057 3480 tumultus,
1075 3407 1199 3484 pavidis
1216 3407 1324 3469 adhuc
1344 3409 1472 3469 Danaus

298 3500 373 3560 liliis
392 3502 506 3563 suadet
526 3507 649 3563 metum
670 3503 846 3575 excutiant,
864 3503 1016 3581 quoniam
1033 3520 1099 3564 non
1118 3504 1159 3565 ad
1176 3503 1328 3581 exiguum
1341 3511 1471 3582 tempus

297 3598 461 3659 duraturae
479 3600 544 3660 sint
561 3600 693 3661 navium
714 3600 974 3678 AEgyptiacarum
993 3600 1139 3663 advectio
1158 3608 1421 3679 armatorumque
1437 3602 1471 3661 in

298 3694 389 3756 littus
397 3696 551 3774 Argivum
563 3697 730 3775 expositio.
743 3698 856 3775 ltaque
866 3697 985 3758 chorus
995 3698 1139 3775 proxima
1150 3698 1336 3776 hyposcenii
1346 3698 1472 3759 orches

297 3798 357 3853 trae
368 3794 468 3872 spatia
477 3795 683 3872 derelinquit,
695 3800 727 3856 et
736 3794 780 3869 ‚in
793 3794 966 3872 ampliores
980 3794 1109 3855 ordines
1122 3794 1271 3856 dilatatur
1285 3795 1325 3856 ad
1340 3796 1472 3857 tertium

296 3890 465 3953 stasimum
480 3892 636 3973 (tro-835)
659 3894 866 3954 cantandum.
887 3892 934 3954 Dc
953 3910 1018 3971 quo
1039 3892 1117 3970 quid
1134 3892 1349 3969 interpretes‘l
1364 3892 1473 3955 Priora

296 3988 358 4051 tria
385 3992 592 4070 stropharum
618 3990 707 4070 paria
734 3991 943 4052 Hermannus
969 3990 1176 4052 hemichoriis
1199 3990 1312 4053 tribuit
1327 3992 1353 4069 ³,
1380 3991 1474 4070 cuius

301 4212 304 4219 .
326 4172 350 4222 l.
367 4171 405 4221 Gi.
425 4174 509 4236 βωμὸν
526 4173 654 4237 ἀλέγοντες
671 4172 740 4226 οὐδέν
757 4175 824 4239 (itt)
838 4178 867 4227 et
880 4177 941 4228 θεῶν
954 4172 1083 4233 ἐπαΐοντες
1096 4175 1166 4227 οὐδέν
1178 4175 1254 4241 (Ἱ59).

298 4240 609 4364 urfirgrrsoerillssuitm
631 4244 726 4296 Jahrb.
747 4248 818 4310 1861,
836 4247 957 4310 eat-3983
976 4248 1022 4310 qui
1042 4248 1200 4313 ceteroquin
1227 4248 1370 4305 dochmios
1390 4246 1475 4298 choro

335 4384 358 4432 a.
376 4383 463 4434 AEsca.
479 4386 565 4450 nup,
580 4387 652 4450 roso,
667 4388 688 4447 1,
705 4400 732 4451 p.
748 4390 777 4437 ao
792 4401 854 4451 sqq.
