3284 5200
810 403 970 466 -32-.-

294 539 416 620 judico.
438 538 580 602 Chorum
600 537 686 600 enim
704 537 811 612 silere,
836 544 869 602 et
888 555 990 600 unum
1006 537 1236 617 antistrophice
1254 541 1365 607 dolere
1385 561 1474 626 cory-

299 638 429 717 phaeum
450 637 484 697 in
503 641 591 698 tanta
609 636 753 698 omnium
772 636 986 715 trepidatione
1005 636 1164 714 ineptum.
1187 637 1303 718 ltaque
1317 641 1385 702 bini
1403 660 1475 707 ⁷non

298 736 498 813 ineleganter
509 751 647 796 summae
659 734 821 812 virginum
837 735 1009 808 dabuntur,
1025 751 1208 812 vocumque
1223 745 1401 802 concentus
1417 743 1473 820 qui

299 835 339 896 ab
367 833 549 912 epbymniis
576 838 703 910 coeptus
731 832 838 894 estin
865 831 1051 894 novissimis
1074 833 1165 896 bisce
1191 835 1250 897 sed
1274 837 1474 902 brevissimis

300 931 418 996 commi
435 931 612 1008 stropbuiis
626 931 792 992 desaeviet.

339 1030 486 1091 Profecto
509 1029 640 1090 tandem
666 1044 841 1106 praecone,
868 1033 1039 1106 postquam
1067 1044 1124 1090 rex
1151 1018 1298 1091 Danaum
1324 1019 1473 1113 filiasque

300 1133 410 1190 monet
422 1127 615 1204 Argivorum
626 1125 765 1204 bospitio
780 1125 944 1187 confidant
958 1126 1138 1206 urbemque
1153 1127 1384 1210 ingrediantur,
1396 1133 1474 1195 reci·

298 1231 407 1286 tantur
424 1224 591 1302 anapaesti,
607 1224 725 1300 quibus
740 1227 795 1302 qui
814 1225 916 1302 possit
933 1224 1072 1293 fraudari
1092 1226 1285 1304 coryphaeus
1302 1245 1368 1290 non
1382 1248 1471 1309 vprae·

298 1323 412 1384 sentio.
425 1324 475 1384 Ex
487 1340 550 1400 quo
570 1322 766 1401 Drovsenius
780 1339 810 1381 v.
827 1320 946 1383 916-19
962 1323 1029 1400 regi
1048 1321 1089 1383 ab
1106 1322 1177 1400 ipso
1194 1324 1381 1389 Hermanno
1401 1345 1470 1391 cre·

297 1420 381 1482 ditos
404 1421 503 1483 choro
526 1419 674 1498 restituit,
701 1419 909 1498 hypermetra
934 1420 1007 1497 ista,
1033 1425 1211 1498 utcumque
1235 1423 1422 1486 dividuntur
1445 1425 1468 1499 ¹,

297 1519 441 1598 ejusdem
470 1534 618 1599 personae
647 1534 765 1580 munus
793 1517 1081 1596 auctoritatemque
1114 1524 1286 1582 testantur..
1319 1522 1413 1596 Quod
1441 1525 1470 1586 si

295 1617 382 1679 enim
402 1618 500 1695 vulgo
524 1618 654 1680 evenire
680 1617 763 1678 solet
784 1617 892 1678 omnia
920 1617 1016 1678 unius
1043 1632 1142 1694 quam
1169 1617 1345 1681 multorum
1368 1621 1468 1684 ductu

294 1715 419 1777 facilius
440 1715 520 1792 regi,
539 1722 626 1794 patet
646 1731 712 1775 non
730 1731 749 1775 a
768 1715 893 1776 cunctis
913 1714 1010 1775 simul
1032 1714 1228 1776 Danaidibus
1251 1716 1309 1778 sed
1334 1735 1353 1778 a
1376 1720 1467 1781 chori

293 1813 439 1891 principe
459 1813 565 1873 solum
583 1812 691 1890 juberi
712 1812 845 1872 ancillas
864 1828 882 1873 e
901 1811 980 1873 locis
1000 1812 1056 1873 ubi
1074 1812 1243 1875 latuissent
1263 1816 1419 1878 excedere
1436 1823 1469 1878 et

291 1913 380 1988 juxta
394 1910 489 1972 heras
504 1926 668 1989 quamque
685 1909 811 1970 instrui.
829 1907 926 1970 Nulla
942 1925 979 1971 re
994 1909 1093 1987 igitur
1109 1909 1301 1973 adducimur
1312 1918 1359 1985 ut,
1376 1909 1469 1992 cujus

293 2008 459 2070 choreutae
485 2008 527 2070 sit
551 2025 610 2085 pro
639 2008 788 2070 omnibus
811 2023 908 2085 agere
934 2013 967 2069 et
991 2008 1162 2087 imperare,
1185 2009 1273 2071 hunc
1297 2007 1467 2089 indignum

292 2105 448 2168 fateamur
461 2106 516 2185 qui
529 2106 597 2184 regi
617 2121 806 2167 communes
822 2105 1028 2182 fugitivarum
1043 2112 1151 2184 grates
1171 2107 1326 2169 decernat
1344 2107 1467 2187 puellass

292 2222 431 2283 rumque
444 2205 604 2282 postulata
617 2203 764 2266 enuntiet
778 2201 916 2284 (966-19)
933 2202 956 2262 ²..

295 2375 297 2378 ¹
331 2304 381 2364 Ad
395 2303 605 2382 coryphaeum
616 2319 746 2379 quoque
758 2308 882 2378 spectat
891 2299 1049 2362 iambicus
1060 2302 1228 2381 quaternio
1238 2320 1302 2381 quo
1313 2302 1464 2367 ultimum

291 2398 817 2480 011100ᾱί0101101101(1014·1017).
833 2400 927 2460 Nunc
941 2399 982 2460 de
996 2399 1110 2462 ultimo
1124 2401 1267 2462 carmine
1283 2402 1463 2464 videndum

289 2505 484 2588 (10181074)
500 2507 587 2586 quod
602 2493 748 2590 ἂφοδικὸν
761 2506 824 2568 dici
838 2512 944 2584 potest
955 2505 978 2565 ³.
995 2506 1042 2568 De
1056 2523 1121 2584 quo
1142 2506 1368 2570 diversissimae
1388 2527 1464 2588 pro-

289 2606 363 2669 latae
384 2612 461 2668 sunt
480 2606 648 2669 sententiae
663 2604 685 2679 ⁴,
702 2622 783 2683 quas
804 2622 881 2666 cum
903 2605 1032 2683 longius
1049 2606 1091 2667 sit
1113 2605 1273 2668 subtiliter
1294 2609 1459 2687 persequi,

320 2817 343 2865 1.
358 2812 493 2865 Mediceus
507 2812 560 2864 tria
573 2815 719 2879 systemata
734 2814 784 2877 (16,
799 2814 824 2873 4,
845 2814 860 2862 6
876 2812 1012 2876 dipodias)
1028 2813 1143 2878 prebet.
1162 2814 1334 2866 {dermannus
1350 2816 1461 2868 Medicei

288 2886 481 2951 paroemiacnm
497 2884 525 2934 in
542 2884 687 2934 dimetrum
710 2886 816 2933 mutans
838 2883 933 2933 scribit
946 2883 1020 2941 Βάξει
1044 2887 1112 2935 λαῶν
1134 2893 1183 2935 τῶν
1201 2886 1331 2953 ἐγχώρων.
1349 2886 1460 2937 Weilius

287 2960 377 3009 eutem
393 2959 420 3006 et
437 2955 594 3005 Dindortius
608 2955 732 3005 lacunam
747 2958 807 3017 post
819 2955 893 3012 Βάξει
905 2957 973 3005 λαῶν
987 2954 1138 3016 conjiciunt
1152 2955 1384 3007 1100109109Ὶο
1399 2971 1460 3007 cum

287 3032 348 3081 966-
350 3029 394 3079 913
409 3029 670 3092 aequrparentur
638 3026 722 3076 -.ct
737 3026 825 3075 Etiam
841 3026 936 3085 Srrrrt,
952 3025 991 3074 Za
1002 3029 1079 3075 nat
1083 3041 1195 3089 ,..va

317 3104 341 3151 2.
356 3101 394 3151 De
409 3099 604 3150 sententiarum
620 3097 799 3148 discrimine
792 3111 820 3146 111
838 3097 911 3146 bisce
924 3098 1070 3160 anapaestis
1084 3112 1283 3161 expressarum,
1291 3080 1329 3149 Cl.
1340 3097 1459 3161 Separor,

286 3171 382 3223 Antike
397 3170 536 3234 Composit'
529 3168 674 3230 tons-,lehre
690 3182 715 3231 p.
729 3169 790 3229 401;
807 3170 834 3217 01
846 3168 999 3229 Fnsaarcns
1014 3168 1033 3217 1.
1048 3183 1071 3219 ο.
1075 3182 1122 3232 ,p.
1139 3172 1178 3220 10.

317 3244 510 3303 3.Wasrrnar.,
524 3239 727 3302 Ρ1·...01,ρ.19.

316 3275 1459 3374 4.30110111000111100110111110001101011.1018-1041,100000111010411061

285 3384 460 3436 hemicboriis
477 3382 611 3441 attribuit,
626 3386 761 3432 extremos
779 3395 842 3433 vero
862 3382 992 3433 carminis
1011 3384 1145 3435 trcebaeos
1165 3385 1304 3436 choraulis
1323 3386 1458 3437 universis

287 3455 369 3507 tradit
381 3453 475 3519 (AEaclr.
489 3453 576 3520 1109,
590 3453 746 3518 tata-1821).
756 3455 869 3504 Botbius
884 3459 1034 3505 metrorum
1050 3456 1254 3518 responsionem
1262 3456 1349 3505 vitem
1365 3457 1457 3519 babet,

283 3530 310 3578 et
327 3526 556 3576 hemicboriorum
567 3525 654 3588 primo
669 3527 707 3576 ἴτε
719 3526 767 3591 μὰν
781 3525 957 3584 ἀστυάνακτας
960 3560 1008 3577 .....
1020 3526 1186 3590 μειλίσσοντες
1201 3525 1456 3590 obturetis-1030),

284 3596 362 3648 alteri
384 3610 447 3647 vero
471 3595 550 3647 ἐπίδοι
573 3594 767 3663 δ”Άρτεμις.....·
785 3596 866 3663 τρίβοι
887 3596 1010 3661 τ’ἐρώτων
1029 3598 1188 3661 (1031-1013)
1214 3597 1343 3646 adscribit
1357 3596 1455 3657 (AEsclt.

286 3671 373 3733 Traga,
395 3668 476 3731 1331).
494 3668 648 3728 Boeckhins,
665 3672 806 3732 postquam
826 3671 955 3731 quattuor
978 3669 1133 3729 praemissos
1153 3668 1290 3717 trimetros
1311 3667 1454 3729 coryphaeo

284 3740 440 3801 vindicavit,
460 3742 521 3790 octo
542 3740 667 3803 strophas
686 3739 838 3799 constituit,
860 3752 975 3803 quarum
995 3739 1072 3788 binas
1096 3738 1201 3802 priores
1225 3735 1454 3787 bemleboriorum

285 3811 461 3875 principibus.
488 3811 589 3859 ceteras
611 3812 702 3859 autem
721 3822 768 3859 sex
786 3810 860 3860 beris
879 3808 1048 3872 totidemque
1067 3808 1174 3859 famulis
1197 3808 1302 3857 vicibus
1323 3806 1455 3869 relinquit

284 3884 330 3945 (De
351 3882 432 3932 Graec.
449 3884 518 3945 trnq.
534 3882 627 3945 princ,
643 3895 669 3943 p.
687 3882 717 3931 65
733 3882 806 3945 sqq);
822 3894 884 3943 quae
905 3879 1015 3942 partitio
1029 3879 1211 3941 coryphaeum
1227 3883 1256 3928 ut
1274 3878 1311 3927 ita
1326 3878 1424 3940 dicam,
1439 3892 1456 3929 a

283 3953 366 4004 choro
385 3952 509 4013 secernit,
523 3956 731 4015 cantatoresque
751 3953 921 4015 inaequaliter
935 3964 983 4013 per
996 3950 1193 4013 antistropbica
1205 3949 1310 4000 statuit.
1326 3950 1453 4001 001111101-

284 4038 373 4086 geruS,
393 4023 575 4074 mirabiliter'
568 4037 595 4071 tn
599 4022 718 4084 terjectis
737 4037 784 4085 per
804 4023 948 4073 exodtcum
968 4035 1077 4072 carmen
1096 4022 1202 4071 lamulis
1217 4021 1318 4085 quibus
1335 4035 1360 4069 v.
1380 4022 1454 4071 1021·

284 4096 344 4145 1030
359 4100 386 4144 01
400 4095 469 4145 1039-
470 4096 530 4144 1043
545 4097 728 4155 reservantur,
741 4093 858 4157 reliquos
874 4107 968 4143 versus
983 4083 1012 4143 in
1027 4093 1154 4143 duodena
1165 4096 1300 4143 commata
1310 4091 1416 4153 dividit,
1398 4096 1455 4142 tet

282 4166 397 4227 singulis
411 4165 642 4216 bemichoriorum
658 4164 794 4215 choreutis
806 4164 946 4226 assignat,
959 4170 1095 4227 postremo
1108 4166 1180 4214 1063-
1183 4167 1243 4215 1014
1258 4162 1353 4213 solidis
1370 4163 1454 4213 berni·

282 4236 382 4286 choriis
401 4235 547 4286 committit
561 4235 590 4300 (1.
605 4250 639 4295 0.,
654 4250 679 4298 p.
688 4234 736 4297 22,
756 4238 785 4285 32
807 4238 834 4285 01
853 4235 904 4297 10).
925 4235 1105 4285 Oberdickius
1123 4236 1257 4299 virginum
1277 4235 1455 4285 ancillarum-

282 4321 335 4371 que
346 4306 512 4357 bemichoria
526 4308 659 4357 arbitratu
670 4320 719 4357 suo
731 4306 852 4367 disponit
867 4309 894 4355 et
909 4306 1014 4365 miscet,
1030 4307 1141 4356 minime
1156 4310 1278 4367 respecta
1292 4304 1454 4354 antithetlca

282 4381 341 4441 lege
357 4391 411 4441 qua
427 4378 581 4429 canentium
600 4380 692 4441 partes
708 4377 856 4441 melleaque
872 4380 1007 4427 commata
1022 4376 1091 4427 inter
1107 4391 1136 4427 se
1154 4377 1325 4442 aequabiliter
1341 4389 1453 4439 respon·
