3284 5200
808 460 952 523 ..a-

289 593 404 654 Poetas
418 591 548 653 Graecos
562 597 627 652 tam
639 592 719 654 nihil
735 591 896 656 urbanum
914 595 1071 672 sapuisse,
1089 600 1123 656 et
1138 611 1201 656 resv
1211 594 1360 656 scenicas
1379 594 1460 656 adeo

289 691 455 768 ignorasse
474 697 510 750 ut
525 689 622 751 unius
641 691 811 752 cantilenae
830 691 994 752 fastidium
1015 690 1148 754 eludere
1166 709 1232 754 non
1252 698 1458 767 conarentur,

288 789 340 849 vix
355 789 495 849 adducar
507 793 543 848 ut
557 789 698 849 credam.
713 788 816 849 Immo
831 789 921 850 chori
936 789 1180 851 universitatem
1194 789 1295 851 fuisse
1308 807 1373 850 non
1385 805 1465 852 raro

216 933 218 938 .
289 885 423 948 divisam
433 885 501 948 veri
514 892 563 947 est
577 885 786 963 simile‚uude
801 894 909 964 partes
923 893 956 948 et
971 887 1139 964 particulae
1149 887 1245 948 etiam
1254 888 1464 964 exsisterent,

288 991 325 1045 ut
335 969 454 1046 melica
471 982 596 1044 melicis
614 982 821 1057 reserrentur,
838 985 997 1046 contraria
1016 982 1457 1062 contrariis'opponarentur,

224 1147 227 1154 Δ
288 1099 326 1144 ex
354 1097 509 1142 sonorum
534 1079 718 1141 diversitate
739 1080 901 1142 interdum
929 1082 1278 1159 concordiarprodiret,
1303 1087 1336 1142 et
1356 1081 1463 1160 major

287 1195 404 1240 vocum
419 1182 593 1239 concentus
607 1177 712 1238 tieret.
1139 1224 1142 1229 ,

327 1276 488 1346 Ceterum,
499 1276 648 1351 quamvis
661 1273 802 1336 officium
814 1276 917 1346 virile,
930 1282 967 1337 ut
978 1277 1022 1336 ait
1035 1276 1200 1352 Horatius,
1210 1275 1330 1337 chorus
1344 1275 1469 1337 delen»

286 1373 351 1446 dat,
374 1381 407 1434 et
425 1389 515 1449 sexu,
536 1379 641 1444 aetate,
660 1373 806 1434 moribus
825 1373 993 1435 dissentiat
1011 1372 1094 1434 alius
1111 1373 1152 1434 ab
1168 1374 1242 1446 alio,
1263 1380 1372 1435 tamen
1390 1373 1462 1434 sin-

285 1470 370 1548 gulis
384 1470 579 1542 bominibus,
596 1486 635 1531 ex
649 1470 766 1548 quibus
782 1470 956 1547 colligitur,
970 1470 1045 1532 licet
1056 1470 1218 1532 interdum
1231 1487 1305 1548 quae
1318 1471 1463 1532 sentiant

286 1574 342 1630 aut
356 1568 538 1646 excogitent
551 1568 584 1628 in
598 1569 743 1630 medium
760 1569 914 1647 prolerre.
932 1567 1159 1648 Quae‘quidem
1175 1567 1296 1630 uiritim
1308 1584 1460 1646 expressa

286 1665 385 1728 abiis
409 1684 483 1745 quae
506 1666 665 1744 gregatim
689 1665 911 1745 significantur
933 1682 998 1727 non
1022 1683 1100 1728 sane
1123 1665 1309 1738 abhorrent,
1337 1666 1395 1727 sed
1421 1681 1461 1726 ea

286 1764 387 1826 oritur
400 1765 538 1825 varietas
552 1781 626 1836 quae
639 1764 739 1826 totius
754 1763 1115 1843 personae-simplicitati
1133 1780 1199 1826 non
1215 1769 1386 1842 repugnet.
1403 1765 1462 1825 Est

285 1862 382 1940 igitur
392 1860 577 1922 cumscindi
588 1861 723 1922 chorum
734 1867 789 1922 aut
799 1861 943 1939 recolligi
953 1862 1112 1922 videmus
1124 1862 1292 1923 Thebanas
1302 1862 1462 1922 mulieres*

285 1959 500 2036 conspicimus
516 1958 659 2035 singulas
673 1958 707 2018 in
726 1958 925 2018 orchestram
943 1957 1103 2019 irruentes
1124 1966 1157 2019 et
1174 1958 1300 2020 vicibus
1316 1959 1458 2036 trepida·

271 2057 405 2118 tionem
427 2072 517 2116 suam
538 2055 747 2125 declarantes,
762 2056 841 2116 dum
861 2054 970 2116 hostes
988 2055 1030 2114 ad
1049 2055 1169 2117 moenia
1187 2056 1456 2132 adpropinquant,

284 2154 575 2231 increbescuntque
587 2151 764 2214 obsidionis
776 2154 861 2213 mala
873 2150 1021 2232 (litlot).
1033 2152 1116 2224 Quid
1126 2152 1213 2231 quod
1223 2153 1304 2228 ipsae
1315 2155 1348 2211 in
1358 2151 1460 2212 bemi-

285 2251 393 2314 oboria
412 2251 592 2323 discedunt,
613 2256 650 2311 ut
667 2250 912 2312 interfectorum
930 2249 1115 2327 principum
1133 2249 1291 2311 cadavera
1308 2247 1459 2326 lacrymis

285 2348 658 2426 complorationibusque
673 2354 922 2426 prosequantur,
940 2353 973 2408 et
986 2347 1117 2408 dextera
1130 2346 1324 2424 sinistraque
1345 2350 1461 2408 exeant

286 2444 472 2526 (totto-tun
486 2446 643 2506 Videntur
657 2445 753 2506 etiam
770 2445 879 2522 Argivi
895 2461 991 2506 senes
1003 2443 1174 2505 consilium
1194 2444 1277 2505 inire
1294 2450 1326 2506 et
1338 2442 1461 2504 viritim

285 2560 419 2606 censere
430 2549 538 2605 utrum
555 2543 588 2604 in
603 2543 691 2605 aedes
708 2543 814 2621 regias
830 2544 1011 2620 irrumpant
1027 2539 1209 2604 subsidium
1224 2540 1458 2621 Agamemnoni
1553 2566 1555 2569 ·

283 2641 391 2715 laturi,
407 2660 448 2702 an
469 2642 502 2701 in
517 2642 683 2703 orchestra
701 2658 737 2702 se
755 2642 943 2703 contineant
960 2640 1135 2720 (loto-71).
1153 2642 1319 2702 Postremo
1336 2641 1458 2701 Eume·

285 2740 378 2801 nides
401 2740 435 2799 in
457 2738 625 2817 tragoediae
648 2739 748 2799 initiis
768 2745 873 2800 semet
892 2756 910 2800 e
929 2755 1043 2799 somno
1062 2738 1206 2799 vicissim
1225 2736 1458 2817 exclamatio

284 2835 384 2917 sog),
403 2843 446 2911 et,
465 2843 637 2915 postquam
661 2836 796 2897 Orestes·
814 2836 848 2896 in
869 2836 1028 2914 iudicium
1047 2836 1230 2909 adducitur,
1249 2853 1341 2897 reum
1362 2852 1458 2911 sepa·

284 2934 376 2995 ratim
404 2934 604 3012 interrogant
626 2933 801 3015 (585-608).
825 2935 872 2995 De
892 2934 944 2995 bis
964 2934 1106 3011 protecto
1131 2933 1221 2995 cbori
1245 2934 1457 2995 divisionibus

284 3033 441 3093 dubitatio
455 3032 587 3105 tollitur,
605 3049 680 3094 cum
695 3032 816 3109 saepius
828 3032 950 3093 notulis
963 3032 1207 3119 scholiastarum
1223 3032 1411 3110 prodantur,
1424 3036 1457 3092 et

284 3119 401 3191 merito
410 3147 448 3191 ex
460 3130 530 3207 ipsa
543 3129 591 3191 rei
605 3129 743 3192 scenicae
758 3129 979 3207 exploratione
992 3128 1107 3206 conjici
1121 3129 1257 3207 possint,
1268 3136 1301 3191 et
1317 3127 1457 3189 Pollucis

285 3228 379 3288 etiam
390 3228 500 3313 perbis
512 3227 735 3311 significentur
749 3243 756 3287 :

444 3412 501 3473 ἔσθ’
516 3412 561 3473 ὅτε
575 3410 664 3473 δὲκαὶ
678 3412 740 3475 καθ’
755 3412 801 3473 ἕνα
817 3414 959 3472 ἐποιοῦντο
974 3410 1023 3485 τὴν
1036 3411 1156 3495 πάροδον
1171 3411 1193 3470 ¹.

326 3613 500 3676 Praeter-id
513 3620 638 3676 constat
656 3631 675 3674 a
694 3614 790 3676 Callia
808 3614 965 3693 scripturn
984 3632 1061 3677 esse
1080 3568 1199 3675 librum
1217 3614 1272 3693 qui
1294 3600 1456 3694 τραγῳδία

284 3711 489 3803 γραμματικὴ
511 3720 749 3795 inscriberetur,
768 3726 803 3782 et
820 3720 853 3780 in
871 3708 946 3799 uuo,
963 3738 1036 3782 oum
1051 3721 1117 3798 iam
1136 3719 1313 3798 Sophocles
1326 3718 1458 3797 Euripi-

286 3819 410 3897 desque
428 3836 447 3878 a
465 3824 611 3880 veterum
629 3823 699 3878 arte
717 3824 750 3879 et
772 3819 917 3879 doctrina
938 3818 1074 3895 digressi
1097 3819 1232 3879 chorum
1251 3815 1454 3877 individuum

224 3926 227 3936 “
287 3917 401 3978 crebro
421 3922 632 3993 usurparent,
645 3915 795 3976 suaderet
814 3922 863 3994 ut,
878 3922 973 3993 prout
992 3932 1044 3976 res
1060 3922 1194 3993 peteret,
1209 3913 1457 3976 choreutaedis·

284 4015 507 4093 jungerentur,
538 4013 770 4092 disjunctisque
798 4013 967 4090 dispertita
993 4013 1135 4074 earmina
1162 4013 1408 4091 assignarentur·
1431 4010 1457 4073 ².

288 4111 439 4183 Quamvis
453 4140 455 4151 =
468 4111 572 4188 igitur
593 4111 719 4172 modica
753 4111 942 4189 eademque·
964 4112 1102 4173 obscura
1133 4111 1316 4173 testimonia
1332 4110 1459 4172 trade-⁴

308 4328 698 4401 ‚ltpotuqonomntnltb
1010 4379 1015 4387 .
1115 4376 1119 4390 .

322 4400 344 4447 2.
361 4398 439 4462 Apud
454 4400 558 4462 Arnum,
573 4414 600 4463 x,
615 4415 642 4463 p.
657 4402 702 4450 453
718 4414 777 4464 sqq.
