3284 5200
796 458 979 521 -lla-
1037 426 1041 432 ’

344 596 438 659 Nunc
458 610 535 656 vero
557 593 590 653 ln
620 592 806 653 universum
833 592 1043 672 prospicienti
1069 610 1128 671 pro
1149 593 1319 656 manifesto
1342 594 1482 657 habetur

304 700 406 757 artem
418 691 559 769 AEschyli
575 689 736 751 choricam
751 695 784 751 et
798 690 1004 768 simplicitate
1024 697 1056 752 et
1072 691 1260 752 diversitate
1279 692 1478 769 praecellere.

304 793 396 870 Nam,
413 806 487 853 curn
501 790 533 850 in
547 788 710 867 plerisque
726 787 842 849 fabulis
861 790 977 850 melica
992 806 1142 867 magnam
1160 796 1284 867 partem
1299 789 1479 866 obtineant,-

303 890 447 967 sequitur
474 892 510 949 ut
538 887 703 948 choreutae
731 886 765 947 in
792 883 1029 948 diversissimos
1057 887 1172 967 globos
1200 887 1405 966 diducantur,
1435 903 1479 950 ne

303 988 411 1056 omnia
429 986 554 1047 cantica
572 983 686 1045 eadem
705 984 889 1045 canentium
913 985 1103 1064 compositio
1123 991 1348 1062 prosequatur.
1372 986 1479 1048 Immo

302 1102 412 1149 rerum
439 1083 579 1161 gravitas
607 1072 783 1161 tragicique
810 1089 948 1144 eventus
973 1084 1043 1161 ipsa
1069 1083 1160 1146 chori
1184 1083 1344 1145 divisione
1368 1084 1478 1145 decla-

302 1190 422 1247 rantur.
440 1184 562 1245 Chorus
574 1180 757 1241 individuus
776 1188 886 1243 manet
905 1189 977 1243 tum
995 1198 1071 1244 cum
1089 1182 1233 1242 carmina
1253 1183 1352 1261 lyrica
1369 1182 1479 1260 polius

302 1298 399 1361 quarn
417 1279 591 1341 dramatico
607 1283 728 1350 cantat3
749 1278 783 1338 in
799 1278 1001 1340 hemichoria
1023 1280 1206 1341 dimovetur
1225 1280 1280 1342 ubi
1299 1281 1391 1359 quasi
1410 1281 1476 1341 duo

302 1376 555 1441 discordantium
582 1376 671 1454 paria
698 1360 952 1454 comportantem
979 1377 1013 1437 in
1042 1378 1185 1439 stoechos
1218 1379 1375 1439 scinditur
1404 1378 1475 1456 ple-

302 1493 450 1553 rumque,
467 1475 619 1553 quoniam
632 1474 705 1535 haec
721 1478 770 1535 est
786 1476 885 1536 totius
902 1475 1016 1537 divisio
1036 1493 1111 1555 quae
1126 1476 1363 1538 distinctionem
1379 1477 1475 1536 simul

302 1590 376 1635 cum
389 1573 512 1635 unitate
526 1572 722 1651 conjungere
735 1572 857 1649 optime
871 1572 988 1651 possit:
1003 1573 1037 1633 in
1054 1590 1133 1652 zyga
1147 1580 1338 1651 segregatur
1349 1576 1476 1652 quoties

302 1672 476 1747 orchestra,
500 1676 536 1731 ut
556 1670 600 1730 ita
621 1670 738 1741 dicam,
762 1686 898 1747 operosa
919 1676 1116 1748 actuosaque
1137 1672 1173 1734 tit
1193 1677 1230 1731 et·
1240 1671 1328 1748 apud
1343 1677 1475 1756 'actores

304 1769 478 1848 plurimum
495 1768 616 1845 pollere
634 1768 746 1845 gestit3
768 1767 910 1846 denique
929 1768 1047 1829 viritim
1067 1767 1258 1839 conciditur,
1277 1768 1475 1847 ubicumque

300 1874 356 1929 aut
376 1867 547 1929 hominum
569 1865 729 1928 discordia
750 1872 805 1927 aut
827 1866 1030 1945 singulorum
1054 1866 1235 1927 animorum
1258 1866 1475 1928 vehementis-

300 1965 373 2044 simi
401 1964 536 2029 aliectus
562 1962 756 2040 attingantur
780 1971 919 2041 oportet.
950 1965 1030 2025 Haec
1055 1971 1164 2026 autern
1189 1964 1386 2037 discrimina,
1414 1964 1476 2026 hos

298 2064 419 2142 gradus
431 2079 544 2125 ornnes
555 2061 722 2140 tragoediae
737 2062 897 2141 praebent.
911 2063 974 2124 Sed
984 2062 1187 2140 disciplinam
1201 2079 1293 2124 suam
1307 2064 1473 2142 tragoedus

299 2168 488 2239 nosternon
503 2178 541 2222 ex
562 2158 728 2237 principiis
745 2160 982 2221 consummavit
1001 2175 1010 2220 τ
1031 2159 1164 2221 inventa
1179 2160 1324 2221 doctrina
1344 2176 1481 2238 semper·

300 2265 331 2321 et
351 2276 411 2320 usu
431 2258 581 2320 excoluit.
604 2256 638 2319 Si
656 2256 729 2334 quis
745 2256 833 2317 enirn
849 2258 919 2334 ejus
937 2256 1062 2318 fabulas
1081 2274 1121 2318 ex
1142 2257 1254 2318 ordine
1277 2264 1482 2333 pertractare

298 2359 396 2430 volet,
410 2372 563 2419 nonaum
577 2354 665 2416 fallet
683 2360 811 2431 poetam
829 2355 863 2414 iu
880 2355 1005 2416 Orestia
1019 2354 1111 2433 quasi
1127 2354 1292 2433 fastigium
1309 2358 1387 2417 artis
1405 2376 1481 2420 suae·

299 2456 486 2532 captavisse.
509 2454 546 2514 In
569 2453 630 2515 hac
652 2451 779 2530 trilogia
797 2470 872 2513 cum
893 2453 1084 2515 brevissima
1107 2453 1269 2531 quaedam,
1288 2461 1357 2516 turn
1379 2455 1478 2518 uber--

297 2555 378 2616 rima
399 2552 501 2614 multa
522 2556 598 2613 sunt
621 2550 759 2629 cantica3
786 2551 1185 2639 strophamantistropha
1202 2568 1261 2612 sua
1284 2553 1471 2615 non'lerme

297 2650 404 2714 statim
425 2649 586 2729 sequitur3
604 2655 751 2712 actorum
769 2655 867 2711 cantu
883 2657 941 2712 aut
963 2650 1107 2712 oratione
1129 2651 1219 2711 chori
1238 2651 1376 2729 syzygiae
1392 2669 1480 2713 uon.

297 2765 464 2827 nunquam
475 2748 766 2824 interscinduntur;
783 2765 872 2826 saepe
886 2747 1115 2826 antistrophica
1130 2748 1227 2826 longo
1246 2748 1349 2826 spatio
1364 2750 1479 2828 sajunf·

296 2853 432 2924 guntur3
446 2847 490 2907 ita
504 2846 601 2908 etiam
619 2838 731 2908 incidit
747 2852 783 2907 ut
801 2847 835 2907 in
855 2847 969 2908 eodem
987 2846 1194 2923 stropharum
1213 2847 1280 2924 pari
1300 2853 1356 2908 aut
1375 2864 1472 2910 scena

298 2943 525 3023 orchestraque
539 2945 628 3008 vices
640 2950 776 3022 mutent,
792 2951 849 3005 eut
862 2945 960 3005 etiam
971 2961 1079 3005 saeuae
1089 2945 1254 3008 orchestra
1264 2946 1468 3022 respondeat.

296 3042 346 3103 Ad
361 3059 521 3103 summam
534 3042 632 3120 igitur
643 3043 676 3101 in
690 3041 810 3101 ultimis
825 3043 931 3102 aetatis
944 3059 1013 3102 suae
1026 3043 1119 3102 annis
1133 3042 1234 3120 multa
1248 3042 1309 3102 sihi
1324 3044 1469 3119 permisit

297 3139 479 3217 AEschylus,
496 3137 552 3198 sed
567 3137 728 3198 licentiam
743 3138 870 3216 legibus
889 3139 1091 3215 temperavit,
1107 3145 1244 3217 eamque
1262 3138 1308 3199 rei
1326 3138 1466 3208 choricae

297 3236 484 3298 varietatem
510 3242 623 3297 nactus
647 3241 698 3296 est
721 3241 758 3296 ut
778 3235 932 3312 puriorne
957 3244 989 3296 et
1017 3236 1161 3297 severior
1189 3253 1230 3297 aa
1256 3233 1406 3297 lascivior
1430 3241 1472 3298 sit

297 3334 457 3396 incertum
472 3333 649 3412 reliquerit.

471 3767 473 3770 ’
565 3775 630 3830 Vidi
643 3791 676 3830 ac
691 3775 811 3848 perlegi,

354 3877 355 3880 ¹
427 3853 547 3912 Lutetiae
563 3853 751 3922 Parisiorum,
768 3854 798 3909 in
814 3855 953 3923 Sorhona,

353 3953 380 3994 a.
396 3937 425 3992 d.
436 3954 467 3991 iv
482 3937 580 3992 Nonas
588 3935 652 4008 jun.
667 3951 735 3990 ann.
751 3934 1003 4003 MllCCCLlllllllll,

332 4016 482 4073 Facultalis
496 4017 662 4074 Litterarum
676 4017 705 4070 in
716 4016 867 4070 Academia
877 4015 1026 4071 Parisieasi

616 4099 750 4165 Decanas,

607 4179 638 4231 Α.
661 4176 758 4239 lilani.

1111 4255 1196 4326 Typis
1210 4252 1377 4308 mandetur.
1481 4248 1484 4264 ¹

682 4365 684 4372 ,
1027 4334 1181 4391 Academia
1196 4335 1358 4388 Porisieasis
1370 4328 1486 4400 rector,''

648 4469 652 4474 ,
725 4425 1003 4509 Q
1183 4413 1304 4469 Gaiano.

695 4512 725 4607 l
778 4492 798 4528 *a
817 4535 835 4559 ἡ
900 4485 974 4576 ‚an
1009 4508 1039 4567 χ
1246 4575 1248 4580 Ι

693 4618 698 4643 ,

938 4615 1007 4643 ἲΤν
