3284 5200
796 387 938 452 -8-

277 536 409 598 prorsus
419 520 578 593 existimo,
586 520 663 600 quia
672 527 726 582 aut
741 521 830 582 nulla
841 527 897 583 aut
908 533 1021 598 parum
1032 505 1154 600 liquida
1161 521 1367 600 reperiuntur
1376 537 1445 582 ves·

278 617 365 696 ligia,
380 635 418 680 ex
433 619 552 697 quibus
563 619 657 681 firma·
672 626 778 697 pateat
797 619 1004 698 periodorum
1020 619 1250 696 antistrophica
1263 618 1446 697 symmetri-

278 730 380 795 caque
393 717 604 779 conformatio
619 716 641 778 ¹.
660 718 721 790 Qui
736 717 823 778 enim
838 717 924 777 circa
937 716 1024 777 istud
1042 715 1207 777 choricum
1221 715 1448 778 laboraverunt

277 813 402 875 minora
417 815 538 892 majora
552 813 625 876 kola
640 815 833 876 invenerunt
846 812 869 871 ².
887 813 960 890 Ipse
976 813 1009 872 in
1029 814 1260 891 componendis
1274 830 1448 892 exaequan-

277 909 392 990 disque
402 913 491 974 hisce
501 911 714 973 commatibus
725 912 865 972 multum
880 911 999 972 laboris
1013 911 1235 989 temporisque
1244 912 1445 988 consumpsi,

275 1008 345 1088 ipse
363 1010 419 1071 diu
439 1009 565 1085 sustuli,
586 1007 779 1086 amplificavi
793 1015 825 1070 et
838 1009 960 1070 mutavi
978 1024 1087 1082 voces,
1107 1009 1296 1086 lacunisque
1314 1008 1449 1070 licenter

276 1107 440 1196 conjectis,
455 1106 599 1168 stoechos
609 1112 642 1170 et
656 1123 735 1185 zyga
749 1105 904 1185 deinceps
916 1106 1000 1168 inter
1014 1105 1216 1167 recitandum
1229 1106 1370 1168 distiuui
1383 1104 1448 1168 Sed

276 1203 451 1264 vanissima
462 1203 535 1264 haec
549 1203 674 1265 somnia
689 1209 768 1281 puto
784 1209 946 1282 expertus,
962 1203 1205 1281 principemque
1219 1195 1446 1266 choreutarum

274 1300 308 1361 in
329 1300 488 1378 integram
512 1299 702 1379 dignitatem
728 1301 875 1362 restituo
888 1301 980 1362 Nam
1008 1308 1247 1378 anapaestorum
1270 1319 1344 1382 quae
1373 1317 1448 1381 pars

165 1442 170 1452 ,
274 1397 362 1476 prior
382 1404 433 1459 est
455 1398 545 1460 velut
566 1399 764 1476 prooemium
785 1399 948 1478 quoddam
971 1398 1096 1476 praebet
1121 1399 1285 1478 aptissime
1307 1415 1383 1460 cum
1412 1414 1447 1460 re

275 1496 449 1557 dramatica
466 1497 686 1576 conjunctum,
701 1497 742 1558 de
761 1513 827 1576 quo
847 1495 910 1557 dici
928 1502 1035 1574 potest
1055 1516 1063 1557 ε
1085 1484 1215 1552 ἐνταῦθα
1231 1484 1247 1551 ὃ
1263 1487 1360 1580 χορὸς
1377 1509 1449 1577 ep&

273 1580 409 1675 λογίζει.
428 1595 526 1674 Atqui
547 1595 702 1673 prologus
725 1594 791 1668 ille,
808 1595 866 1656 ubi
887 1595 1008 1657 chorus
1025 1595 1067 1656 de
1083 1612 1119 1656 se
1137 1601 1246 1656 narrat
1264 1595 1337 1674 quis
1355 1595 1397 1656 sit
1415 1600 1447 1655 et

276 1694 360 1754 unde
381 1694 516 1768 venerit,
538 1693 625 1754 haud
644 1693 760 1772 injuria
777 1692 951 1772 coryphaeo
971 1693 1142 1770 tribuetur,
1160 1693 1314 1772 quoniam
1333 1692 1448 1771 praeci-

274 1805 375 1866 puum
390 1789 477 1850 illius
489 1789 631 1850 officium
646 1790 743 1850 estin
758 1791 905 1851 medium
921 1791 1065 1867 prolerre
1080 1807 1154 1869 quae
1169 1807 1283 1852 omnes
1296 1791 1446 1868 sentiant,

274 1892 306 1948 et
327 1887 434 1964 qualia
455 1886 495 1946 ed
518 1887 705 1948 canentium
729 1887 970 1948 universitatem
996 1889 1125 1965 proprie
1150 1889 1342 1964 pertineant.
1368 1889 1448 1961 Quae

274 1990 382 2048 autem
397 2001 472 2062 pars
484 1984 653 2063 posterior,
671 2001 746 2046 cum
760 2000 827 2046 non
841 1985 928 2047 aliud
943 1985 984 2045 sit
1004 2002 1102 2064 quam
1120 1985 1322 2047 Persicorum
1338 1986 1447 2064 copia-

273 2069 346 2144 rum
360 2081 467 2160 iudex,
483 2082 606 2161 aliquid
620 2082 708 2144 Iliaci
729 2082 882 2144 carminis
900 2099 1043 2159 servans,
1059 2082 1157 2159 louge
1174 2081 1267 2144 abest
1285 2089 1321 2144 ut
1336 2083 1447 2144 multi·
1518 2111 1522 2118 ⁴

274 2179 386 2242 leriam
407 2197 425 2241 a
447 2179 598 2257 pluribus
616 2181 728 2242 ordine
749 2179 950 2259 pronuntiari
973 2179 1087 2258 possit.
1113 2180 1329 2260 coryphaeum
1351 2180 1448 2258 igitur

276 2295 376 2340 unum
401 2282 592 2355 statuemus,
623 2278 813 2356 concinente
841 2277 990 2356 tibicine,
1017 2277 1223 2354 recitantem,
1254 2279 1402 2356 quamvis
1429 2296 1449 2339 a

275 2376 452 2439 Columella
470 2376 623 2437 traditum
642 2377 684 2437 sit
703 2376 804 2438 fuisse
824 2376 987 2438 interdum
1007 2393 1082 2437 cum
1101 2377 1153 2438 vel
1169 2393 1188 2437 a
1204 2377 1353 2454 plurimis
1372 2393 1447 2438 aua·

274 2473 367 2552 paesti
392 2480 586 2537 canerentur
606 2474 628 2533 ³.
653 2475 755 2536 Metra
780 2474 868 2536 enim
891 2490 957 2535 uno
980 2479 1093 2536 tenore
1116 2474 1332 2554 aequabilique
1353 2475 1447 2552 lapsu

275 2572 478 2635 decurrentia
488 2572 529 2634 ad
540 2572 714 2635 multarum
724 2588 843 2635 vocum
855 2572 1091 2634 concinentiam
1104 2573 1341 2635 accommodari
1354 2573 1446 2635 abso-

275 2687 354 2733 num
376 2678 425 2733 est
438 2671 465 2745 *ς
482 2671 678 2748 nominaque
698 2670 838 2749 propria,
860 2687 999 2748 quorum
1017 2670 1188 2748 appellatio
1207 2671 1448 2733 distinctissime

275 2769 317 2829 sit
331 2774 468 2846 oportet,
485 2786 504 2830 a
519 2768 676 2830 duodenis
689 2768 786 2829 simul
806 2768 937 2829 clamari
955 2768 1230 2830 molestissimum.
1247 2769 1449 2847 Quapropter
1548 2775 1553 2785 '

223 2937 227 2945 ¹
275 2866 513 2929 acomicorum
537 2866 572 2929 in
598 2856 778 2945 primisque
806 2865 847 2927 ab
874 2865 1097 2945 Aristophanis
1123 2867 1359 2946 consuetudine
1384 2883 1448 2928 nou

276 2964 517 3027 abscedendum
544 2982 616 3027 esse
640 2965 768 3044 opinor,
786 2980 897 3043 quem,
919 2965 1107 3043 ceteroquin
1130 2965 1302 3043 AEschylea
1322 2971 1450 3043 reperta

277 3069 480 3141 sequentem,
501 3063 536 3123 in
555 3062 719 3145 plerisque
743 3061 873 3141 parodis
896 3061 1093 3140 singularem
1115 3067 1247 3123 cantum
1267 3063 1449 3140 praetulisse

277 3176 377 3239 prope
391 3167 516 3223 constat
530 3159 555 3223 ⁵.

310 3347 331 3394 1.
347 3346 439 3410 Longe
460 3346 539 3399 aliter
555 3346 661 3409 judicet
678 3344 842 3405 Nrnnnnnntu,
857 3344 895 3394 De
915 3358 996 3408 erup.
1011 3343 1082 3407 epod
1093 3344 1190 3394 ›AEect
1205 3347 1232 3395 et
1250 3345 1328 3410 Sept.
1349 3346 1453 3398 ratione

277 3416 514 3479 antispatemuticu,
533 3431 558 3479 p.
573 3419 597 3469 7.

308 3490 333 3537 2.
346 3488 460 3539 Weilius
475 3489 566 3550 (Pera,
580 3487 623 3537 ed.
641 3486 710 3549 1861)
724 3486 764 3536 sic
784 3485 894 3535 scheme
905 3485 1049 3535 coustituit
1064 3499 1071 3534 ε
1084 3487 1108 3534 1.
1124 3488 1148 3547 8,
1163 3487 1187 3548 6,
1204 3489 1228 3547 8,
1243 3489 1272 3549 1;
1290 3488 1313 3545 8,
1328 3490 1352 3551 8,
1367 3491 1405 3537 16.
1421 3491 1450 3549 6;

276 3572 357 3621 quem
377 3560 500 3621 seqnitur
515 3558 661 3621 Stippelius
677 3556 739 3621 (Zur
757 3571 791 3606 un
794 3554 992 3619 tictropdiccden
1009 3555 1167 3618 Respondent
1181 3556 1229 3605 der
1244 3558 1449 3620 anapestocteu

276 3630 450 3693 Hypermetru
464 3628 503 3679 bei
516 3628 671 3692 Aischylos)
685 3627 848 3677 Gonrcdtius
863 3626 956 3676 itidem
972 3640 1069 3675 novem
1088 3630 1236 3688 systemata
1250 3630 1373 3688 agnoseit
1391 3628 1450 3691 (Die

276 3700 383 3753 nolte
382 3716 435 3765 unp
446 3700 571 3765 lyrmclrer
589 3700 705 3749 Verrem
718 3697 896 3764 priecdtsrden
910 3698 1020 3758 Drama,
1030 3697 1130 3759 Berlin,
1145 3699 1206 3747 1819
1208 3712 1249 3760 ρ
1266 3700 1324 3746 111-
1314 3699 1405 3761 -;113)
1422 3702 1449 3760 1;

276 3774 346 3835 -8,
361 3775 385 3835 5,
403 3774 509 3832 8,5;-
523 3774 547 3835 8,
562 3773 586 3832 8,
600 3773 643 3833 103
662 3774 730 3820 -6,
746 3770 866 3819 Klotzius
884 3772 975 3818 eutem
997 3735 1045 3832 (iic
1059 3782 1166 3817 numero
1187 3772 1306 3831 anepaest
1307 3770 1346 3819 ico
1363 3784 1449 3835 quer·

278 3845 360 3895 tiones
373 3841 495 3901 metrica,
512 3857 538 3905 p.
554 3842 594 3905 31)
609 3841 752 3891 duodecim
768 3840 830 3890 kole
843 3843 962 3890 statuere
976 3844 1112 3890 conatur·

444 3951 516 4013 51..
549 3952 573 3999 4·
592 3949 661 4013 cn·
695 3949 766 4012 sn·
799 3947 872 4011 2¹8·
905 3949 929 3996 τ.
950 3948 1053 3997 ecc
1078 3945 1188 4011 mu,
1231 3947 1296 4011 en

448 4036 464 4071 a
543 4022 610 4087 (bc
701 4020 817 4070 c'fd
915 4017 1152 4084 eb'tte'd')
1227 4018 1250 4071 a'

307 4134 877 4205 edomitus-cr.cea1sr,netrit‚p
893 4137 948 4186 669.
1111 4165 1114 4170 -
1363 4193 1367 4203 ,
1393 4196 1397 4202 ¹

307 4210 330 4259 1.
349 4208 430 4259 Clo.
446 4209 558 4271 Mortui,
573 4208 653 4259 Eum.
668 4209 813 4269 comment,
830 4222 857 4270 p.
873 4207 917 4270 88,
932 4206 1080 4269 -Cnmsr,
1095 4205 1200 4266 Metuit,
1216 4209 1295 4266 5158.

306 4279 608 4341 evidenterque
629 4279 802 4344 Gdorpartten
819 4277 968 4340 cetaria,
985 4278 1111 4341 -Murn
1127 4276 1194 4328 Uber
1207 4276 1257 4328 den
1278 4276 1390 4402 Vortruq
1404 4277 1451 4328 de

275 4350 425 4404 clarisonae
438 4350 549 4404 Partica
566 4350 604 4401 bei
618 4350 701 4403 Arist.
