3284 5200
676 426 837 488 ..97-

165 563 229 623 lius
244 561 412 639 judipiaria
430 578 482 621 res
498 560 532 620 in
552 560 694 621 medium
715 562 923 638 producatur,
940 567 973 622 et
993 563 1258 624 contendentium
1274 565 1340 628 dis·

167 662 290 736 putatio
307 661 484 721 dirimatur.
502 659 538 719 ln
555 660 827 720 concertatorium
845 660 998 738 loquendi
1017 677 1122 737 genus
1141 662 1237 724 simul
1257 671 1288 725 et
1306 665 1340 726 in

168 760 327 837 depictam
360 758 465 818 litium
493 756 663 817 veritatem
690 757 813 817 confert
841 756 868 817 si
896 773 997 817 unum
1027 757 1231 820 defensorem
1256 779 1341 823 unus

167 872 299 935 quoque
315 860 483 917 accusator
501 859 630 931 urgeat,
654 860 685 914 et
709 854 810 915 oratio
830 854 921 916 ducis
941 860 1049 915 mente
1074 861 1106 916 et
1122 857 1242 934 judicio
1259 860 1338 920 diri-

189 960 271 1015 atur.

166 971 318 1128 gItaque
343 1051 404 1111 ista
424 1052 616 1128 partitorum
638 1054 838 1110 tentamenta
859 1054 891 1110 et
911 1049 944 1108 in
967 1050 1120 1110 canendis
1143 1052 1341 1128 subsequen·

168 1149 254 1210 tibus
268 1149 449 1227 ephymniis
461 1148 598 1229 (778-93,
612 1148 742 1222 808-933
754 1146 878 1220 sar-46,
890 1146 1018 1227 870-80)
1030 1149 1194 1226 repellam.
1204 1150 1340 1212 Omnino

167 1247 299 1324 ignarus
313 1264 385 1308 sum
406 1249 483 1324 quid
505 1247 658 1324 ponderis
675 1247 815 1306 habeant
836 1247 889 1307 hac
906 1246 1070 1306 dividendi
1090 1248 1238 1319 rationes,
1254 1249 1341 1311 unde

168 1345 397 1406 diversissimae
435 1345 610 1406 Hermanni
646 1344 883 1421 Hartungiique
916 1344 1111 1420 conjecturae
1145 1345 1339 1408 exoriantur.

169 1442 262 1504 Prius
286 1443 372 1505 enim
393 1443 603 1521 ephymnium
627 1441 854 1504 Hermannus¹
881 1442 914 1501 in
935 1458 1052 1503 novem
1076 1449 1235 1513 commata
1254 1450 1342 1505 secat

169 1556 377 1617 novenosque
393 1546 586 1616 cantatoreS,
602 1540 691 1601 nullo
712 1539 852 1600 choricae
872 1538 1123 1612 consuetudinis
1140 1539 1229 1601 nullo
1245 1541 1341 1601 etiam

168 1638 400 1712 concinentiae,
424 1639 585 1715 juncturae
614 1645 647 1699 et
672 1636 970 1714 interpunctionum
996 1637 1139 1698 adhibito
1167 1644 1339 1716 respectu,

167 1736 312 1808 distinet,
335 1737 602 1816 singulorumque
616 1740 724 1814 partes
747 1753 805 1811 pro
826 1735 980 1795 arbitratu
1006 1752 1065 1795 sua
1087 1734 1240 1813 duplicat.
1262 1737 1342 1796 Har·

169 1833 320 1912 tungius²
337 1835 478 1911 iniquius
494 1835 589 1895 etiam
604 1834 835 1911 alloeostropha
853 1831 989 1910 dirimit,
1008 1832 1159 1911 quoniam
1180 1851 1210 1894 v.
1228 1832 1341 1894 808-17

165 1932 332 1993 choreutae
359 1935 431 2005 uni,
456 1933 598 2011 reliquos
624 1949 702 1993 vero
728 1930 942 2009 paucissimos
966 1931 1052 1991 binis
1076 1932 1237 1992 adscribit.
1261 1933 1341 1993 Dein

165 2030 303 2090 alterum
329 2029 540 2108 ephymnium
565 2032 772 2091 Hermannus
787 2022 833 2088 'in
859 2034 975 2090 octona
1001 2028 1136 2089 frustula
1161 2021 1363 2102 intercidit,

138 2182 141 2189 .
164 2129 311 2207 adeoque
329 2129 467 2190 licenter
485 2134 590 2206 partes
610 2128 785 2204 dispensat,
805 2132 842 2187 ut
858 2131 1027 2204 parastatae
1047 2126 1173 2186 abunde
1190 2128 1231 2186 sit
1248 2126 1342 2203 parti·

165 2236 271 2296 culam
301 2226 358 2318 φεῦ
386 2233 472 2313 (839)
497 2233 709 2310 inclamare³;
732 2232 931 2310 Hartungius
959 2239 1070 2293 contra
1096 2233 1137 2292 de
1165 2248 1255 2293 more
1280 2232 1342 2293 tria

165 2333 310 2403 membra
334 2333 510 2409 disgnoscit
535 2350 609 2411 quae
632 2331 736 2392 tribus
759 2330 865 2391 Furiis
887 2330 1027 2390 vindicat
1037 2329 1057 2389 ⁴.
1077 2330 1102 2390 Ο
1121 2347 1190 2391 rem
1210 2330 1339 2406 excogi-

163 2430 277 2489 tatam!
301 2430 380 2489 Mira
404 2429 546 2515 quidem.
561 2429 739 2489 attulerunt
763 2428 923 2488 acutiores
950 2427 1194 2505 AEschylearum
1221 2434 1339 2505 tragoe-

164 2528 288 2587 diarum
312 2533 524 2600 enarratores,
547 2528 605 2587 sed
627 2542 742 2587 vereor
764 2543 805 2585 ne
832 2531 938 2603 poetae
959 2542 1057 2603 opera
1077 2525 1217 2600 sibimet,
1239 2532 1274 2586 ut
1295 2525 1340 2587 ita

164 2626 425 2703 dicam‚egerint
446 2626 551 2702 potius
573 2642 669 2702 quam
689 2625 838 2701 legerint.
856 2624 1034 2700 Diligenter
1053 2625 1140 2684 enim
1157 2624 1339 2701 dispicienti

165 2725 339 2802 ephymnia
353 2729 462 2784 nostra
477 2723 646 2801 subjicitur¹
659 2723 824 2782 individua
837 2738 920 2798 esse,
932 2727 964 2782 et
978 2722 1022 2782 ita
1036 2723 1206 2783 sententiis
1219 2722 1336 2784 verbo·

164 2839 302 2898 rumque
321 2822 352 2881 vi
367 2822 531 2883 cohaerere
552 2829 585 2882 ut
606 2821 736 2881 dissolvi
756 2826 930 2898 nequeant,
947 2822 1036 2880 etex
1058 2821 1184 2899 integro
1199 2838 1272 2882 esse
1287 2838 1337 2882 ca·

167 2920 282 2982 nenda.
297 2921 445 2981 Attamen
461 2937 525 2981 non
541 2920 613 2980 haec
627 2921 738 2991 velim,
756 2918 968 2995 simplicitatis
983 2935 1107 2988 caussa,
1122 2920 1220 2982 choro
1236 2919 1338 2980 solido

166 3018 349 3095 relinquere
358 3016 380 3092 ⁵,
389 3017 759 3096 quia,quemadmodum
771 3017 929 3077 absonum
940 3022 989 3077 est
1002 3016 1117 3077 melica
1130 3033 1168 3076 ex
1179 3016 1338 3077 dochmia-

164 3116 211 3176 cis
225 3116 368 3176 numeris
383 3116 520 3176 maxime
540 3117 655 3177 collata
667 3115 847 3192 conjunctis
867 3116 1093 3176 universorum
1108 3114 1336 3175 choreutarum

163 3214 297 3274 vocibus
312 3213 448 3284 concini,
463 3215 555 3275 sicin
570 3231 638 3274 rem
654 3214 866 3275 dramaticam
881 3231 946 3274 non
961 3219 1011 3274 est
1026 3230 1141 3274 omnes
1156 3219 1337 3274 cantatores

163 3311 213 3372 bis
228 3311 261 3371 in
276 3311 391 3373 iisdem
408 3313 556 3373 versibus
576 3313 730 3373 iterandis
750 3313 853 3373 otiose
873 3313 1009 3373 haerere.
1025 3313 1151 3389 Reputa
1170 3312 1257 3371 enim
1277 3327 1337 3372 nos

163 3410 203 3470 ad
215 3409 287 3470 haec
296 3411 405 3487 tragici
420 3411 600 3488 argumenti
612 3411 801 3471 discrimina
811 3411 998 3486 pervenisse
1009 3411 1063 3471 ubi
1075 3411 1221 3472 intricata
1231 3410 1337 3471 fabula

163 3507 253 3569 brevi
277 3509 476 3586 expedienda
499 3509 551 3582 sit,
569 3515 600 3568 et
622 3509 735 3568 Furias
754 3510 787 3568 in
807 3526 846 3569 eo
867 3525 939 3570 esse
959 3515 994 3569 ut
1012 3509 1089 3584 quid
1107 3515 1218 3569 contra
1238 3509 1335 3570 Athe·

163 3604 324 3666 niensium
339 3613 458 3667 terram
474 3606 649 3666 decernant
668 3606 721 3666 diu
744 3607 916 3681 pensitant.
931 3608 1071 3666 Actuosa
1086 3605 1183 3682 igitur
1203 3606 1335 3666 omnino

161 3708 212 3764 est
233 3702 303 3762 haec
323 3703 440 3764 fabulae
460 3720 544 3779 pars,
567 3708 598 3763 et
621 3703 788 3763 cltoricum
810 3710 960 3765 nostrum
979 3705 1052 3781 jure
1070 3720 1211 3781 vereque
1228 3703 1334 3780 episo-

164 3800 273 3862 dicum
287 3802 394 3862 vocari
409 3808 524 3878 potest.
541 3802 743 3877 Quapropter
758 3802 1011 3879 haudquaquam
1026 3802 1116 3862 hisce
1130 3801 1334 3861 choricotum

125 3955 131 3960 .
163 3899 275 3975 liguris
288 3906 417 3960 utemur
431 3915 505 3975 quac
519 3900 604 3976 justo
623 3898 931 3976 magnificentiorem
951 3906 1139 3978 apparatum
1159 3899 1333 3975 postulant,

195 4104 217 4149 l.
231 4099 317 4149 AEsck.
333 4102 418 4164 Trcp,
432 4100 452 4160 l,
469 4114 494 4162 p.
510 4101 627 4151 aua-299,

191 4173 217 4220 2.
231 4171 319 4220 AEsclt.
334 4173 421 4234 Trap„
436 4173 578 4224 tuta-1855.

192 4244 217 4291 3.
232 4242 321 4291 AEsch.
339 4243 425 4306 Trcp„
438 4242 458 4302 l,
473 4256 499 4306 p.
518 4245 573 4292 301.

194 4315 218 4362 i.
231 4313 317 4362 AEsch,
334 4313 418 4376 Trup,
432 4314 572 4384 185331855.

192 4387 217 4434 5.
234 4384 294 4433 Vid.
313 4383 461 4446 Wucrcam,
476 4384 554 4434 Ascli.
571 4385 616 4435 Or.

172 4496 182 4514 ·
268 4473 375 4530 Macar.
