3284 5200
682 478 862 543 -ttts-

184 618 242 680 sed
257 613 493 677 Eumenidibus
507 613 669 675 antecellit
681 614 908 677 Prometheus.
918 616 1066 694 Exceptis
1076 617 1164 678 enim
1174 618 1359 695 anapaestis,

185 716 240 793 qui
258 714 355 791 paulo
375 714 484 790 plures
504 712 537 771 in
557 712 780 773 trimetrorum
801 712 913 775 limine
930 730 988 791 pro
1008 715 1163 791 spondaeo
1178 721 1234 775 aut
1253 716 1360 778 iambo

185 811 392 891 ponuntur¹,
423 827 584 889 nusquam
614 808 693 871 alias
720 810 753 870 in
780 810 923 873 minores
950 803 1182 891 paucioresque
1212 815 1361 875 metricas

187 911 331 973 maculas
345 908 499 969 offendes.
511 909 714 969 Caesurarum
741 909 880 985 puritate
894 926 970 971 cum
985 911 1218 972 Eumenidibus
1228 914 1360 989 quidem

189 1008 403 1071 Prometheus
416 1007 567 1083 componi
580 1007 646 1067 lere
658 1013 774 1082 potest,
786 1008 845 1067 sed
857 1008 973 1069 Persas
985 1015 1127 1085 superat,
1136 1026 1194 1071 seu
1207 1011 1361 1071 rariorem

187 1105 489 1183 hephthemimeren
506 1104 708 1177 incisionem,
725 1122 783 1165 seu
799 1106 897 1166 etiam
918 1106 1148 1184 monosyllabae
1164 1109 1287 1169 voculae
1304 1125 1360 1185 pro

187 1203 445 1283 penthemimere
460 1208 515 1263 aut
528 1200 813 1279 hephthemimere
828 1221 924 1264 usum
939 1205 1074 1282 respicis
1089 1204 1111 1266 ¹.
1128 1206 1189 1266 Ubi
1204 1214 1362 1284 praeterea

187 1302 343 1377 ancipites
359 1300 501 1379 syllabas
520 1301 553 1360 in
571 1300 635 1361 fine
654 1317 809 1362 versuum
819 1304 976 1379 jacentes,
992 1310 1046 1364 aut
1062 1303 1180 1379 hiatus,
1197 1306 1362 1365 autetiam

187 1400 359 1477 longarum
376 1400 409 1459 in
428 1398 499 1475 ipso
521 1415 616 1459 versu
639 1399 818 1460 solutiones
833 1400 1046 1477 computabis,
1065 1418 1129 1462 non
1144 1402 1240 1462 modo
1256 1402 1362 1463 Persis

187 1498 245 1559 sed
278 1496 507 1557 Eumenidibus
530 1495 611 1572 ipsis
629 1496 772 1557 limatior
798 1497 859 1557 erit
884 1498 1098 1559 Prometheus
1120 1498 1142 1559 ³.
1165 1500 1245 1560 Cum
1264 1499 1362 1575 igitur

189 1596 360 1673 AEschylus
385 1599 473 1655 totus
498 1610 627 1671 semper
652 1594 686 1653 in
711 1594 915 1655 emendanda
939 1595 1174 1657 versificatione
1197 1597 1303 1667 luerit,
1329 1603 1361 1657 et

195 1693 361 1755 interiores
376 1692 571 1754 Eumenides
581 1697 676 1753 aetate
689 1710 786 1771 quam
797 1694 913 1753 Persas
923 1694 1118 1770 noverimne,
1131 1694 1362 1755 Eumenidibus

196 1808 326 1869 quoque
340 1791 553 1852 recentiorem
573 1790 758 1853 ducendum
772 1808 844 1851 esse
860 1791 1088 1851 Prometheum
1103 1792 1155 1852 vel
1170 1809 1206 1852 ex
1222 1792 1290 1869 ipsa
1304 1792 1362 1852 tri-

191 1894 371 1949 metrorum
387 1888 606 1964 exploratione
615 1889 683 1965 jam
699 1905 756 1965 pro
771 1894 937 1966 comperto
951 1889 1140 1950 habeamus.

231 1987 323 2059 Quod
338 1988 364 2046 si
377 1986 586 2046 voro'leviora
605 1986 678 2047 haec
694 1986 752 2046 tibi
766 1986 917 2048 videntur
931 1986 1048 2047 indicia
1062 2003 1159 2063 quam
1175 1993 1211 2047 ut
1223 1988 1362 2049 multum

195 2091 340 2161 cogatur,
362 2085 422 2143 alia
441 2090 518 2144 sunt
537 2084 672 2162 majora,
691 2083 820 2161 quibus,
839 2101 946 2160 spero,
967 2083 1048 2145 tides
1064 2101 1130 2145 non
1147 2085 1362 2161 derogabitur.

189 2183 232 2242 Ea
253 2182 340 2243 enim
361 2188 410 2241 est
433 2181 619 2242 Promethei
642 2181 762 2242 fabrica
785 2187 821 2241 ut
844 2182 1071 2258 hujuscemodi
1090 2181 1178 2242 nulla
1196 2183 1229 2241 in
1249 2184 1363 2243 ceteris

188 2286 295 2356 poetae
312 2279 427 2339 fabulis
441 2279 624 2339 inveniatur
634 2277 767 2358 (saepius
782 2284 892 2339 autern
905 2280 991 2356 apud
1006 2279 1200 2356 Sophoclem
1211 2280 1364 2340 autEuri-

194 2377 303 2452 pidem
322 2377 498 2437 subsimilis
518 2377 667 2454 quaedam
684 2376 846 2456 occursat)
862 2394 869 2436 ε
888 2393 1017 2454 semper
1034 2392 1087 2437 res
1106 2377 1226 2454 tragica
1245 2394 1264 2437 a
1283 2378 1360 2438 soli-

194 2475 310 2552 loquiis
323 2473 344 2544 ⁴,
361 2490 380 2533 a
395 2474 550 2535 concione
562 2473 584 2551 ⁵,
601 2490 761 2551 nusquam
778 2490 856 2534 vero
871 2492 890 2534 a
904 2472 1070 2535 diverbiot
1085 2475 1261 2556 exorditur,
1277 2476 1363 2553 quod

189 2572 326 2634 insolitae
342 2572 550 2651 simulatque
569 2572 778 2634 absolutioris
797 2571 912 2634 formae
928 2590 1001 2634 esse
1016 2589 1081 2634 non
1096 2573 1276 2651 negaveris.

229 2671 408 2749 Insequens
423 2677 540 2748 praeter
552 2669 584 2730 id
600 2671 741 2748 parodus
756 2672 788 2730 in
805 2671 1045 2749 usuAEschyleo
1059 2678 1195 2732 nonest.
1208 2671 1363 2732 Parodica

190 2769 424 2845 ejuscarmina
445 2769 542 2829 unius
565 2768 654 2828 chori
676 2768 744 2830 sive
766 2786 847 2846 pura
861 2767 883 2845 ⁷,
899 2769 968 2829 sive
989 2769 1184 2846 anapaestico
1203 2769 1363 2846 prooemio

190 2866 335 2942 subjecta
354 2865 469 2926 melica
488 2871 565 2949 sunt
577 2863 603 2940 8;
623 2866 748 2926 nullum
767 2866 890 2928 referes
909 2865 996 2943 quod
1016 2865 1247 2926 commaticum
1262 2867 1313 2940 sit,
1331 2873 1364 2926 et

192 2963 224 3023 in
241 2963 368 3024 duobus
381 2970 506 3024 tantum
520 2963 656 3042 syzygiis
671 2964 841 3036 consistat,
858 2969 891 3024 et
906 2963 1018 3042 utique
1034 2969 1164 3024 cantum
1175 2951 1233 3017 ἀπὸ
1244 2954 1363 3032 σκηνῆς

190 3068 352 3136 sequatur.
384 3061 473 3121 Istud
501 3068 609 3122 autem
638 3055 841 3122 com‘maticae
870 3061 980 3139 paredi
1010 3061 1174 3138 exemplar
1201 3061 1363 3122 recentius

222 3301 244 3348 l.
259 3298 285 3349 Si
301 3300 409 3364 propria
425 3299 536 3350 nomina
550 3299 678 3363 excipies,
695 3300 837 3350 duodenos
853 3302 1005 3362 auapaestos
1021 3300 1151 3364 reperies.

710 3372 801 3413 Caesura
942 3373 1033 3413 Caesure
1193 3372 1283 3413 casura

657 3434 847 3489 penthemimeres
886 3433 1091 3486 hepbthemimeres
1131 3432 1336 3487 hepbthemimeres

682 3496 840 3550 monosyllaba
1154 3493 1309 3548 monosyllaba

292 3556 356 3607 l'ers
359 3593 598 3612 ................
729 3560 798 3622 03000
956 3559 1026 3621 20000
1186 3558 1238 3620 tyto

222 3632 245 3680 2.
261 3557 274 3770 ἓ
292 3631 359 3680 Eum
371 3667 599 3686 ...............
728 3635 798 3695 12000
957 3634 1026 3695 litlot)
1183 3632 1238 3693 litto

292 3707 371 3756 Prom
377 3743 599 3762 ...............
729 3709 800 3771 tastu
973 3708 1028 3770 9]th
1183 3708 1239 3769 tytili

684 3822 775 3877 Syllaba
787 3835 871 3878 anceps
965 3822 1045 3864 Hiatus
1116 3824 1244 3875 Longarum
1256 3820 1339 3863 solutio

242 3964 246 3973 Ι
262 3885 275 4098 ³
292 3885 355 3934 Pers
358 3920 440 3935 ......
440 3892 443 3897 ’
450 3920 600 3935 ..........
730 3887 744 3933 2
746 3886 800 3946 8l00
974 3886 1028 3947 yon
1185 3885 1240 3946 tillio

222 3962 245 4009 3.

294 3961 362 4009 uum
372 3997 599 4015 ...............
729 3963 801 4023 aoyoo
974 3961 1029 4022 syoo
1187 3960 1241 4021 troo

293 4037 371 4086 arom
376 4069 597 4090 ...............
727 4038 797 4098 rayno
977 4037 1031 4097 syon
1188 4035 1303 4095 ayoo.

222 4161 244 4208 l.
263 4159 323 4224 Ap,
341 4159 465 4224 Ghoeplt,
481 4160 558 4209 Eum.

222 4233 245 4280 5.
264 4229 377 4294 Septem.

221 4304 244 4350 6.
265 4301 361 4361 From„
381 4304 448 4352 t-ar.

222 4375 244 4421 l.
263 4372 376 4436 Septem,
396 4372 519 4438 Chocplt„
536 4373 614 4424 Eum.

223 4445 245 4493 8.
264 4443 345 4505 Pers,
362 4443 466 4508 suppl,
484 4444 531 4508 Ap.
